3267 5184
343 269 364 332 6
767 267 922 350 Georgius
945 264 1100 349 Weddiug

346 473 448 538 neque
469 458 576 520 tamen
598 451 724 532 dubito,
753 453 831 536 quin
852 451 989 520 Plautus
1009 454 1044 519 in
1065 453 1248 522 nominibus
1268 454 1417 540 propriis,
1438 475 1529 537 quae

344 559 429 625 hunc
448 556 577 642 explent
606 576 748 635 versum,
779 557 869 624 illam
899 555 1061 624 licentiam
1086 558 1147 624 sibi
1177 558 1343 624 adsumere
1371 558 1528 642 potuerit,

344 650 530 744 praesertim
560 679 631 726 cum
660 678 771 726 omnes
795 660 862 727 iere
887 666 1002 744 poetae
1029 662 1063 727 iu
1092 661 1272 730 nominibus
1301 661 1439 746 propriis
1465 660 1529 728 alii

343 764 438 832 aliam
460 785 526 830 nou
546 762 783 847 repudiaverint
807 762 1012 843 licentiam).

429 866 491 944 Qui
513 865 633 934 iactum
654 865 705 944 sit,
726 871 764 932 ut
783 866 816 930 iu
838 887 932 933 umen
946 865 1023 932 ties
1038 867 1102 934 606
1123 866 1256 952 syllaba,
1278 866 1318 934 de
1339 887 1403 949 qua
1424 887 1530 948 quae-

346 972 455 1048 rimus,
478 968 622 1035 videatur
643 989 710 1034 esse
731 968 898 1053 producte,
920 990 986 1036 non
1007 968 1139 1037 difficile
1160 976 1209 1036 est
1229 990 1404 1054 exponeres

496 1071 591 1150 Nata,
612 1074 755 1155 inquam,
778 1072 849 1142 meo
870 1094 926 1139 ero
947 1080 996 1140 cst
1016 1072 1094 1140 issia.
1114 1073 1125 1160 ))
1145 1072 1239 1140 Certe
1263 1072 1367 1139 modo.

346 1173 479 1242 masat
505 1177 588 1242 enim
612 1176 696 1243 inter
724 1176 874 1244 metricm
895 1175 1042 1242 Plautum
1069 1183 1144 1242 ante
1174 1182 1330 1242 mutatam
1352 1197 1530 1260 personam

344 1277 511 1346 admittere
532 1277 669 1355 hiatum3
702 1285 735 1345 et
756 1279 843 1344 hunc
864 1279 919 1345 ubi
949 1281 1086 1347 scaenici
1116 1281 1295 1346 admittunt
1325 1286 1447 1364 metae,
1476 1279 1530 1346 ihi

346 1380 501 1467 syllabam
534 1381 705 1466 ancipitem
735 1401 798 1446 non
826 1381 962 1448 alienam
990 1403 1075 1462 esse,
1107 1383 1180 1466 quis
1207 1388 1264 1460 cst,
1294 1383 1348 1465 qui
1380 1383 1530 1448 nesciat?

346 1483 518 1570 Legitimos
540 1491 590 1550 cst
610 1485 643 1550 in
664 1483 798 1552 diaecesi
815 1485 944 1551 iambici
959 1486 1133 1570 septenarii
1155 1493 1189 1552 et
1201 1485 1355 1553 octonarii
1370 1485 1476 1551 hiatus
1490 1488 1529 1568 ¹),

346 1587 504 1672 legitimus
525 1587 635 1654 eodem
651 1588 722 1654 loeo
743 1586 868 1672 syllaba
889 1609 1008 1673 auceps
1022 1591 1060 1672 ⁸).
1104 1588 1213 1672 Neque
1234 1588 1349 1655 desunt
1368 1587 1528 1672 exempla,

348 1712 430 1773 quac
456 1693 490 1756 in
518 1690 627 1758 cadem
654 1690 743 1771 sede,
772 1691 806 1758 iu
835 1711 902 1774 qua
931 1691 1057 1776 syllaba
1082 1692 1195 1761 ultima
1216 1698 1265 1758 est
1286 1692 1422 1758 nominis
1442 1690 1529 1775 filia,

348 1801 424 1860 ante
445 1799 599 1860 mutatam
622 1813 790 1878 personam
812 1793 1003 1860 confirmant
1024 1795 1158 1861 inveniri
1179 1794 1317 1874 hiatum,
1339 1793 1442 1862 uelut:

390 1897 480 1963 Ourc.
502 1899 560 1962 41:
584 1895 774 1980 Ohltqaere.
796 1896 806 1983 ))
828 1896 902 1962 Fiat
922 1899 1081 1964 maxume.
1101 1898 1111 1984 ))
1137 1897 1240 1964 Etiam
1263 1898 1370 1964 taces?
1384 1901 1417 1979 ⁴).
1449 1985 1451 1989 .

389 1999 486 2066 Mero.
508 2001 587 2066 490:
616 1999 707 2066 Tanti
729 2001 845 2083 quanti
865 2000 978 2083 pdscit‚
1006 2003 1058 2066 vin
1080 2004 1163 2069 tanti
1185 2001 1277 2068 illam
1298 2003 1386 2066 emi?
1407 2000 1417 2088 ))
1439 2002 1530 2068 duc-

1356 2105 1472 2170 te'arium
1485 2106 1530 2189 ὅ).

391 2207 484 2274 Pecu.
511 2207 585 2272 191:
608 2205 802 2289 Aphrodisia,
820 2205 914 2272 hddie
935 2207 1019 2272 sint
1041 2206 1051 2293 ))
1072 2207 1153 2274 Scio.
1175 2208 1184 2292 ))
1206 2206 1323 2274 Oculis
1345 2207 1418 2274 volo
1434 2210 1467 2290 ⁶).

434 2308 527 2387 Cedo,
549 2309 681 2391 inquies,
706 2329 824 2387 versus,
847 2308 904 2392 qui
926 2309 1038 2375 eodem
1059 2310 1141 2388 loeo,
1168 2331 1232 2392 quo
1253 2311 1432 2394 superiores
1454 2310 1529 2378 hia·

348 2421 426 2493 tum,
447 2412 602 2500 syllabam
618 2411 774 2497 praebent
794 2413 975 2496 ancipitem,
997 2412 1058 2480 ie.
1075 2413 1221 2480 breuem:
1243 2413 1314 2480 ride
1328 2415 1372 2480 sis
1386 2414 1528 2481 Leonem

348 2518 389 2586 ad
406 2515 644 2601 Amphitruonis
659 2537 781 2582 versum
798 2516 871 2593 719,
893 2516 949 2598 qni
970 2521 1078 2582 tamen
1101 2517 1198 2584 etiam
1219 2537 1329 2582 uersus
1351 2515 1460 2595 affert,
1488 2518 1527 2582 in

349 2622 464 2706 quibus
485 2625 559 2686 ante
580 2638 748 2702 personam
771 2624 925 2685 mutatam
947 2629 997 2684 est
1017 2619 1142 2703 syllaba
1163 2619 1270 2686 finalis
1291 2620 1407 2686 dubiae
1429 2627 1529 2687 natu-

348 2747 403 2791 rae
419 2725 458 2810 ⁷),
488 2730 520 2789 et
543 2721 723 2799 nonnullos,
751 2722 807 2804 qui
829 2721 986 2788 hocloco
1008 2742 1073 2788 non
1101 2723 1257 2807 praebent
1277 2730 1433 2790 mentam
1455 2745 1530 2807 per-

349 2849 470 2894 sonam.
509 2824 566 2894 Hie
587 2825 710 2892 omissis
724 2825 877 2909 exemplis
898 2826 1016 2910 quippe
1038 2826 1169 2892 incertia
1190 2832 1266 2892 sunt
1285 2833 1369 2907 octo,
1397 2826 1436 2892 de
1458 2828 1530 2910 qui-

350 2931 410 2998 hus
432 2929 578 2996 dubitare
600 2926 776 2996 nonlicet:

391 3033 508 3118 Amph.
532 3031 609 3098 719:
642 3030 758 3096 Verum
788 3030 853 3096 ndn
882 3038 932 3097 est
958 3031 1057 3115 priero
1079 3030 1219 3114 masida
1240 3032 1251 3118 ))
1272 3032 1356 3111 Quid
1377 3033 1495 3117 igituir?
1519 3035 1530 3121 ))

1094 3147 1097 3154 '
1389 3136 1530 3203 mania

447 3316 471 3381 l)
489 3312 562 3368 Huic
581 3312 643 3368 leco'
660 3311 794 3366 simillimi
812 3315 877 3365 sunt
895 3326 991 3366 uersus
1012 3310 1078 3366 cist
1097 3313 1149 3367 512
1168 3329 1228 3380 sqq.
1246 3313 1313 3366 519:

717 3398 802 3454 Enim
820 3416 888 3454 vero
906 3399 950 3454 ita
967 3416 1013 3454 me
1029 3399 1159 3470 Iuppiter

350 3493 450 3562 itaque
464 3490 508 3545 md
520 3490 590 3544 Iuno
603 3489 700 3558 itaque
712 3489 815 3543 Ianus
830 3489 883 3558 (sic
897 3488 1098 3544 Ambrosianus
1105 3489 1124 3559 i)
1136 3489 1178 3543 ita
1190 3517 1224 3528 -
1234 3486 1302 3557 quid
1315 3487 1407 3543 dicam
1420 3489 1528 3547 nescio.

350 3583 443 3638 'Estne
460 3577 564 3636 Bacch.
582 3579 635 3634 893
653 3578 760 3632 amona
778 3595 795 3632 a
813 3579 930 3633 librario
945 3579 1037 3647 posita
1055 3593 1109 3646 pro
1128 3578 1227 3646 ,Ianus‘
1246 3577 1291 3632 vel
1311 3577 1418 3646 ‚laua‘i

438 3672 465 3737 2)
484 3666 706 3745 Velutsdmph.
727 3668 787 3722 190.
805 3669 867 3722 208.
886 3668 939 3723 250
957 3671 1022 3721 etc.-

440 3758 466 3828 3)
484 3757 581 3838 Velut:
601 3755 702 3826 Amph.
724 3757 782 3812 195.
795 3756 848 3810 215
863 3759 917 3812 eto.
992 3756 1019 3821 4)
1039 3752 1115 3808 Vel:
1135 3749 1280 3809 maxumt'.
1294 3756 1305 3824 )
1318 3754 1412 3809 Etiam
1430 3758 1532 3812 taces?

442 3851 467 3915 t)
487 3846 555 3901 Cum
573 3845 747 3902 trocheicum
765 3845 955 3916 septenarium
978 3844 1205 3911 interpretentur
1223 3843 1333 3898 metrici
1352 3860 1412 3898 ease
1430 3844 1532 3901 iambi-

353 3955 415 3994 cum
435 3936 573 3992 senarium
593 3935 697 4012 cretico
717 3933 917 3990 antecedente:

689 4023 1185 4111 40-))ussu-ussu-ussu-

832 4153 1209 4203 ussu-ussu-ussc-‚

353 4237 456 4304 quarta
474 4232 542 4286 araia
561 4229 676 4285 iambici
693 4229 795 4284 senarii
813 4229 968 4299 respondet
986 4233 1083 4285 sextae
1101 4227 1238 4284 trochaici
1256 4228 1417 4298 septenarii.

442 4321 469 4391 6)
487 4320 561 4375 Vel:
580 4313 653 4373 scid'.
666 4321 679 4386 ΙΙ
692 4316 792 4373 Oculds
810 4318 883 4374 volo.

442 4410 468 4477 7)
487 4409 571 4462 Velut
588 4405 719 4462 infinitivi
741 4423 834 4476 praes.
852 4409 908 4462 act.
927 4405 957 4460 in
981 4423 1035 4476 -ce,
1060 4421 1179 4475 quornm
1198 4423 1213 4459 e
1234 4404 1326 4461 finalis
1349 4407 1444 4460 utrum
1464 4422 1533 4477 pro.

354 4498 440 4554 ducta
457 4498 494 4553 sit
513 4514 549 4552 an
567 4497 661 4552 brevis
679 4496 756 4567 apud
774 4495 913 4566 Plautum,
933 4494 1025 4552 denne
1044 4494 1156 4552 usundi
1175 4499 1300 4567 oportet
