3267 5184
208 343 256 409 De
278 344 439 410 vocalibus
461 345 624 430 productis
646 347 778 416 Latinas
799 365 891 414 voces
912 349 1143 418 terminatibus.
1233 355 1273 418 13

98 551 196 614 quam
229 534 289 600 tuo
313 531 407 600 vilicd
438 533 484 600 vis
497 533 558 616 ¹)“;
592 541 623 600 et
645 535 889 604 Gesta-Soboell
917 537 1046 602 verbum
1077 538 1180 604 dicam
1206 541 1276 606 siue

100 635 308 708 adnotatione
341 635 487 704 tribuunt
515 639 619 704 versui
648 639 720 706 654.
771 641 934 707 Adhaeret
960 641 1066 724 igitur*
1083 643 1118 708 iu
1136 643 1275 711 *Ambro-

97 741 190 806 siano
211 739 317 811 dicum
338 741 441 807 versui
465 742 527 808 654
539 746 584 828 ¹),
614 745 647 807 in
669 742 823 809 Palatinis
849 749 987 822 autem‚.
1006 745 1034 809 si
1050 743 1169 810 55555
1190 753 1277 812 recte

99 846 248 928 perspexi
264 844 513 924 adnotationem,
537 848 570 912 iu
590 847 680 916 initio
694 849 833 931 positum
845 852 904 912 est
924 834 1033 912 versus
1055 845 1126 912 655.
1148 907 1151 910 .
1169 847 1276 930 Atque

99 949 173 1030 quis
205 955 267 1026 est,
302 949 357 1031 qui
389 948 528 1028 dubitet,
562 949 638 1032 quin
668 971 739 1017 cum
765 949 985 1016 vumbrosiane
1010 947 1140 1014 verbum
1171 949 1276 1016 dicum

101 1051 307 1118 tribuendum
322 1052 364 1118 sit
383 1055 487 1122 versui
501 1053 565 1122 654
586 1052 633 1135 (id
658 1053 743 1136 quod
758 1053 889 1119 ,faciunt
909 1052 983 1131 Leo,
998 1051 1275 1139 (loeta-Schneil)?

97 1155 170 1233 Quo
192 1155 238 1235 fit,
262 1161 298 1222 ut
319 1161 452 1238 uterque
474 1176 583 1222 versus
605 1157 692 1240 (654.
716 1157 794 1242 655)
816 1157 858 1222 sit
878 1156 947 1221 siue
969 1154 1157 1222 offensione:

142 1257 222 1324 654:
243 1257 377 1325 Possum
398 1260 481 1328 scire
502 1280 559 1343 ego
581 1262 664 1326 istuc
685 1283 724 1326 ex
745 1259 778 1326 55
798 1259 877 1342 quid
898 1259 1052 1342 negotist?
1068 1268 1079 1337 Ι
1097 1259 1216 1327 Dicam.

248 1362 318 1432 Tua
340 1360 467 1439 ancilla,
491 1365 587 1445 quam
609 1371 645 1430 tu
667 1364 723 1429 tud
744 1363 837 1430 vilicd
859 1364 906 1428 vis
1177 1354 1180 1361 ¹

252 1465 337 1531 Dare
358 1468 501 1544 uxorem
523 1487 563 1534 ea
583 1469 669 1532 intus
693 1505 743 1532 -.
773 1503 775 1510 ι

97 1567 139 1632 V.
165 1569 229 1634 654
258 1570 431 1653 igiturest
464 1571 653 1637 bacchiacus
685 1572 843 1641 trimeter„
858 1575 941 1635 ucat.
967 1591 1040 1636 cum
1072 1570 1274 1656 Reiaiano³)‚

96 1693 128 1736 v.
152 1672 214 1737 655
236 1671 425 1740 bacchiacus
447 1679 631 1739 tetrameter
653 1681 734 1740 acet.

185 1774 333 1840 Eiusdem
355 1778 479 1860 generis
500 1797 609 1842 versus
630 1784 680 1844 est
700 1777 792 1843 Truc.
814 1776 897 1842 4592

248 1877 347 1944 Lucri
369 1900 466 1948 55555
487 1881 586 1946 ardre
607 1880 765 1964 probrum¹
781 1899 850 1945 sum
872 1881 1030 1957 exsecuta,

94 1985 152 2066 qui
185 2003 291 2051 versus
318 1981 362 2048 ab
391 1983 539 2050 omnibus
561 1983 628 2050 lere
655 1983 865 2050 certissimum
891 1983 1027 2049 habetur
1052 1982 1273 2051 documentum

94 2089 194 2153 etiam
221 2092 327 2154 aetate
348 2085 453 2152 Plauti
476 2085 646 2170 syllabam,
679 2088 718 2152 de
750 2107 813 2169 qua
835 2086 985 2166 dicimus,
1017 2086 1112 2152 fuisse
1134 2085 1273 2170 longam,

94 2191 172 2272 quia
193 2209 231 2256 55
253 2189 333 2266 loco,
357 2210 421 2271 quo
442 2189 589 2256 adiectivi
611 2210 713 2254 cnara
734 2196 787 2255 est
814 2189 938 2273 syllaba
959 2188 1088 2266 ultima,
1117 2191 1153 2254 in
1173 2196 1274 2256 tetra-

96 2298 201 2358 metro
216 2292 340 2359 bacch.
370 2299 454 2358 acat.
484 2313 583 2377 usque
611 2313 736 2374 quaque
764 2292 885 2359 babeat
913 2291 1046 2357 Plautus
1073 2292 1271 2376 productam

97 2394 164 2462 Sed,
189 2401 274 2462 recte
295 2394 388 2460 Klotz
411 2397 593 2478 exposuisse
621 2395 697 2460 mihi
723 2396 848 2461 videtur
875 2417 941 2462 rem
968 2394 1062 2461 aliter
1088 2416 1121 2462 se
1142 2396 1270 2464 hebere.

98 2498 195 2565 Cuius
218 2499 278 2564 viri
301 2498 473 2564 doctissimi
494 2498 681 2567 deliberatio
704 2505 752 2569 est
774 2499 853 2565 baec
866 2502 905 2580 ‘lx
933 2488 1095 2576 „liberali
1117 2500 1271 2567 woaucb

95 2607 186 2666 sonst
202 2601 429 2685 selbststandig
447 2602 630 2668 verwandte
644 2601 814 2670 metriscbe
832 2601 922 2667 κῶλα
937 2623 976 2668 zu
990 2603 1271 2686 einemgrdsseren

92 2701 211 2790 μέτρον
249 2710 549 2783 zusammentrcten,
584 2706 626 2770 ist
663 2705 769 2774 hiatus
800 2704 888 2789 (und
922 2705 1047 2790 syllaba
1078 2707 1209 2791 anceps>
1238 2707 1273 2772 in

94 2807 152 2872 der
174 2806 260 2872 diese
281 2806 403 2889 glieder
424 2807 665 2874 markiercudcu
687 2807 902 2891 hauptoaesur
923 2807 1068 2890 zunssig.
1114 2807 1172 2874 Wo
1195 2810 1273 2875 aber

95 2909 197 2974 durch
220 2909 270 2975 die
293 2930 404 2975 caesus
426 2911 508 2976 5555
530 2932 592 2975 nur
614 2911 665 2974 eiu
689 2909 1003 2992 unselbststiindiges,
1027 2908 1272 2994 5555555555-

93 3012 211 3077 tisobes
231 3012 315 3096 glied
337 3011 505 3091 entsteht,.
520 3015 562 3078 ist
590 3014 676 3080 diese
698 3012 950 3098 asynsrtetisohe
974 3012 1178 3098 behaudlung
1199 3035 1273 3080 aus·

93 3115 326 3199 gescblossen‘t
370 3115 556 3184 Afferuntur
578 3117 725 3200 exempla
740 3115 862 3182 hiatum
877 3122 910 3180 et
925 3115 1079 3201 syllabam
1101 3118 1272 3200 ancipitem

93 3218 222 3284 admitti
252 3219 284 3284 in
318 3219 450 3286 diaeresi
482 3221 732 3305 septenariorum
758 3226 791 3284 et
819 3221 1068 3296 coronariorum,
1098 3226 1131 3285 et
1159 3220 1271 3288 iambi·

93 3341 202 3386 corum
230 3328 262 3387 et
288 3323 581 3406 anapaesticorum‚
617 3328 649 3388 et
678 3324 711 3389 in
740 3324 875 3388 diaeresi
903 3325 1093 3388 ereticorum
1123 3329 1271 3390 tetrame-

93 3433 224 3492 trorum.
269 3424 311 3490 Et
333 3427 444 3508 pergit
461 3425 572 3502 Klotz,
603 3447 674 3510 pag.
699 3426 777 3491 181:
811 3425 923 3504 „Nach
952 3425 1124 3495 desselben
1153 3426 1277 3510 grund-⁴

93 3531 202 3592 siitzen
236 3527 313 3592 wird
345 3527 413 3594 sich
445 3531 477 3593 in
509 3529 571 3594 deu
601 3528 866 3602 bacchischen
897 3534 1102 3594 5555555555
1124 3528 1181 3594 der
1203 3529 1272 3595 hiat

92 3630 175 3715 <und
205 3629 329 3715 syllaba
356 3635 489 3718 anceps>
520 3633 554 3697 iu
584 3631 641 3698 der
673 3632 886 3715 hauptcaesur
919 3630 1002 3696 nach
1034 3630 1107 3696 dem
1139 3635 1271 3714 aweiten

96 3733 182 3799 fusse
205 3733 313 3799 551555
336 3733 451 3814 lassen,
473 3756 562 3800 wenn
579 3755 653 3800 man
675 3735 757 3801 auch
774 3734 929 3818 dagegen,
952 3732 1014 3817 vgl.
1031 3733 1154 3812 Miiller,
1170 3734 1270 3819 plaut.

97 3858 183 3921 pros.
207 3837 268 3902 619
288 3837 341 3922 fg„
369 3835 533 3904 bedenken
555 3838 694 3904 erheben
715 3837 782 3904 hat.
827 3837 918 3902 lleun
940 3858 974 3903 er
996 3836 1074 3902 wird
1095 3837 1197 3918 durch
1219 3837 1271 3903 die

94 3938 242 4024 analogie
269 3940 325 4006 der
351 3941 591 4008 trochaeisohen
619 3927 834 4026 hauptcaesur
860 3941 916 4006 der
938 3940 1178 4008 trochaeischen
1199 3961 1277 4025 sep-i

94 4051 205 4109 cenare
227 4044 293 4108 und
316 4052 467 4112 octonare
498 4065 601 4129 geuau
623 4065 658 4110 so
687 4043 942 4128 gerecbtfertigt‚
976 4045 1034 4109 wie
1063 4044 1121 4109 der
1146 4043 1216 4109 hiat
1236 4046 1276 4108 in.

102 4167 243 4178 n——m--u-

187 4218 211 4288 1)
230 4231 651 4282 υυυυυυυυυυυυυυ
673 4224 706 4273 55
728 4218 855 4287 videtur,
882 4217 965 4272 colon
977 4234 1162 4266 .υ-υ-υ-
1181 4222 1211 4273 55
1229 4217 1270 4272 di·

95 4309 187 4361 meter
205 4305 303 4360 bacch.
322 4311 395 4362 scat.
529 4306 557 4376 2)
576 4305 616 4361 Ol.
636 4307 794 4378 apograph.
811 4307 951 4374 umbros,
969 4306 1015 4374 ed.
1033 4305 1217 4362 Studemund.

182 4394 209 4461 3)
226 4393 304 4448 ldem
323 4411 418 4449 versus
436 4395 496 4450 Cae.
514 4396 582 4450 659:

168 4480 241 4550 Quid
260 4481 350 4551 drgo?
362 4489 374 4544 ΙΙ
386 4482 431 4551 Ab
451 4513 484 4522 -
497 4490 509 4544 l
521 4482 594 4552 Quid
613 4482 677 4538 ese?
690 4489 701 4544 ῃ
713 4483 886 4538 1555555555
904 4483 945 4537 ait
963 4482 1035 4538 vdlle
1054 4479 1147 4536 vitam.

185 4569 213 4637 4)
232 4569 341 4624 altr-iim.
361 4571 471 4637 metrii,
492 4587 556 4640 pag.
578 4573 637 4625 180.
