3267 5184
265 310 311 376 De
333 312 494 378 vocalibus
515 311 678 396 productis
700 312 834 378 Latinas
856 334 947 382 voces
970 313 1221 380 terminantibus.
1287 317 1330 381 43
1453 308 1455 312 ’

154 499 255 567 Stich.
278 500 357 566 419:
391 500 469 577 Ere,
502 503 530 565 si
560 523 617 587 ego
640 505 763 568 tricem
793 504 850 568 seri
880 503 1009 586 loquer,
1040 503 1105 569 scio
1134 504 1217 568 scint
1249 509 1280 570 te
1298 503 1331 589 1).

244 604 364 683 Quibus
399 625 438 670 ex
471 604 612 671 versibus
640 606 746 672 Plauti
781 613 887 672 aetate
914 605 1070 692 syllabam
1100 627 1155 670 -rr
1185 606 1333 672 infinitivi

153 707 235 774 setis
257 714 392 792 apparet
413 707 509 773 fuisse
531 717 720 792 correptam.
767 709 885 775 Versus
898 715 1015 788 autem,
1037 710 1071 774 in
1094 708 1209 793 quibus
1229 709 1332 775 infini-

152 812 239 876 tivus
260 810 347 876 cadit
367 811 400 876 in
424 811 597 896 elongem,
620 819 694 878 sunt
716 813 765 877 hi:

245 916 280 998 a)
302 914 351 980 Ex
373 913 538 980 diverbiis:

155 1019 247 1082 Asin.
269 1019 349 1084 250:
372 1020 475 1101 Atque
496 1019 630 1102 argento
652 1021 871 1103 competendo
893 1018 1013 1103 tingere
1035 1017 1205 1085 fallriciam.

153 1121 252 1186 Mero.
274 1122 351 1186 934:
383 1121 512 1187 Stultus.
539 1120 586 1187 ds:
622 1123 687 1187 noli
719 1124 820 1198 istuc,
855 1121 990 1206 quaeso,
1022 1123 1138 1189 dicere.
1165 1132 1176 1199 Ι)
1204 1123 1331 1189 Certum

1159 1226 1330 1308 exsequist.

152 1327 222 1396 Mil.
246 1328 323 1393 848:
345 1327 524 1411 Numquam
548 1328 661 1412 edepol
684 1327 746 1393 vidi
771 1329 927 1412 promere.
972 1328 1087 1393 Verum
1113 1328 1276 1394 hocerat

153 1431 223 1496 Mil.
248 1431 345 1496 1316:
367 1430 435 1496 Tibi
459 1431 594 1498 salutem
617 1432 668 1497 me
689 1432 850 1497 iusserunt
871 1432 987 1498 dicere.
1005 1441 1016 1509 ΙΙ
1033 1431 1146 1497 Salvae
1168 1433 1259 1499 sient.

153 1533 270 1600 Pseud.
286 1535 364 1600 355:
387 1533 453 1618 Ego
469 1535 618 1600 scelestus
635 1538 719 1600 nunc
734 1535 902 1618 argentum
921 1536 1067 1618 promere
1082 1538 1211 1619 possum
1228 1535 1332 1602 domo.

152 1637 269 1704 Pseud.
296 1639 391 1703 1003:
414 1637 540 1703 Nulltm
562 1639 698 1704 salutem
722 1640 848 1704 mittere
871 1639 1024 1724 scriptdm
1046 1638 1146 1704 solet?

150 1741 240 1806 Trin.
255 1740 333 1807 585:
355 1739 436 1807 Nam
453 1741 605 1807 certumst
615 1743 684 1808 sine
703 1742 776 1807 dote
799 1741 885 1807 haud
909 1741 997 1808 dare.
1014 1752 1025 1819 Ι)
1042 1742 1125 1821 Quin
1148 1746 1207 1808 tui
1228 1742 1332 1808 modo.

152 1844 249 1910 Truc.
270 1844 348 1910 425:
372 1843 441 1908 Non
464 1844 561 1910 audes
584 1845 705 1928 sliquid
730 1846 805 1910 mihi
829 1845 908 1911 dere
929 1845 1174 1911 munusculum?

243 1946 291 2011 Ad
313 1947 371 2012 hos
394 1968 501 2013 versus
525 1947 689 2014 Plautinos
711 1948 833 2014 edicius
853 1949 950 2015 duos:

152 2051 215 2116 Tit.
244 2053 302 2115 105
324 2050 375 2132 (R.
392 2051 510 2134 Gom.):
533 2050 623 2134 ipsuis
646 2052 773 2135 quidem
796 2051 903 2116 hercle
924 2051 1040 2117 ducere
1063 2052 1141 2117 sene
1163 2051 1277 2116 nevolt.

153 2154 227 2219 Ter.
252 2155 349 2218 Andr.
372 2155 450 2219 437:
472 2153 564 2220 Potin
589 2155 622 2220 es
644 2155 721 2220 mihi
744 2155 853 2220 verum
876 2157 1004 2221 dicere?
1020 2165 1031 2231 Ι)
1048 2155 1101 2220 Nil
1122 2154 1256 2221 fecilius.

246 2257 281 2342 b)
303 2257 353 2322 Ex
374 2258 526 2322 canticis:

155 2361 251 2428 Most.
274 2361 352 2426 696:
376 2359 486 2426 voluit
507 2362 540 2426 iu
562 2361 741 2426 cubiculum
765 2360 924 2428 abducere
946 2383 996 2426 me
1017 2382 1099 2426 anus
1117 2364 1152 2446 8).

155 2464 249 2529 Most.
273 2464 352 2528 710:
375 2461 468 2530 Peius
489 2464 622 2548 postbto
642 2464 711 2529 iore
734 2467 830 2548 qutm
854 2463 914 2529 luit
935 2463 1011 2528 mihi
1026 2467 1060 2544 8).

153 2567 269 2633 Pseud.
296 2568 393 2632 1299:
417 2565 496 2632 com
519 2566 638 2632 corolla
662 2567 783 2634 ebrium
805 2567 975 2634 incedere?
992 2576 1003 2644 ll
1019 2567 1122 2632 Lubet
1136 2571 1169 2646 8).

152 2671 238 2736 Rod.
255 2669 333 2736 209:
355 2671 445 2748 Quae
468 2670 576 2738 mihist
597 2672 680 2755 spes,
704 2693 769 2755 qua
790 2692 841 2736 me
862 2672 967 2735 vivere
989 2671 1082 2735 velim
1097 2673 1135 2754 ⁸).

153 2773 237 2839 Rud.
258 2774 338 2838 244:
360 2772 407 2837 Tui
429 2774 508 2840 fucis
532 2773 581 2838 me
603 2776 732 2859 quidem
754 2781 789 2839 ut
810 2776 917 2840 visere
939 2776 1024 2838 nunc
1047 2773 1138 2838 velim
1152 2776 1191 2857 ⁴).

242 2876 398 2942 Numerus
420 2898 496 2942 sene
520 2898 582 2942 non
601 2877 774 2943 mediocris.
820 2877 882 2942 Sed
897 2877 1033 2961 primum
1048 2875 1127 2941 fides
1149 2875 1331 2960 deroganda

154 2988 205 3044 est
227 2981 378 3063 quattuor
401 2978 556 3046 versibus:
580 2981 675 3046 Mero.
697 2981 768 3046 934.
814 2980 881 3046 Mil.
904 2981 996 3045 1316.
1039 2977 1124 3044 Trio.
1145 2980 1219 3045 585.
1264 2979 1334 3045 Ter.

154 3085 341 3170 osculor,
365 3085 442 3167 quia
462 3085 556 3150 ineis
578 3084 710 3168 syllaba,
735 3084 774 3150 de
796 3107 862 3168 qua
883 3084 1072 3167 quaerimus,
1097 3089 1145 3150 eet
1167 3088 1243 3148 ante
1265 3103 1334 3146 mu-

154 3196 257 3253 tatam
291 3209 476 3271 personam,
512 3188 564 3251 ubi
598 3187 751 3272 syllabam
786 3188 912 3253 admitti
950 3187 1121 3270 ancipitem
1159 3185 1332 3252 identidem

154 3312 254 3374 supra
286 3290 418 3356 vidimus
432 3293 465 3374 ⁶).
525 3290 602 3355 item
637 3297 789 3374 quattuor
828 3289 977 3356 reiciendi
1009 3295 1098 3354 eunt:
1135 3289 1228 3354 Most.
1261 3289 1334 3354 696.

154 3393 267 3458 Pseud.
293 3393 384 3459 1299.
428 3393 686 3473 1111209944,
709 3415 789 3477 quos
811 3415 920 3460 versus
942 3393 1006 3458 alia
1028 3393 1152 3458 ratione
1174 3413 1212 3456 ac
1235 3412 1332 3476 supra

157 3495 296 3562 dimetiri
318 3495 438 3562 licitum
461 3503 524 3561 cst:

156 3616 249 3683 Most.
273 3617 349 3682 696:
373 3616 479 3682 leuit
501 3618 532 3681 in
555 3617 735 3684 cubiculum
759 3617 918 3684 abducere
941 3639 989 3682 me
1012 3638 1102 3683 anus.

156 3719 270 3786 Pseud.
297 3721 392 3786 1299:
416 3719 493 3785 Cum
517 3721 637 3786 corolla
659 3721 783 3788 ebrium
805 3720 976 3787 incedere?
993 3730 1004 3796 l!
1020 3719 1133 3785 Lubet.

158 3823 238 3888 Rud.
262 3824 343 3888 209:
369 3823 457 3900 Quae
481 3823 590 3889 mihist
611 3823 684 3907 spes
706 3845 771 3908 qus
795 3845 843 3890 me
867 3826 968 3888 vivere
994 3822 1095 3900 velim,

157 3926 212 4011 qui
237 3932 302 3991 tres
332 3947 439 3991 versus
463 3927 530 3991 sine
559 3928 624 3991 ulla
645 3928 844 3993 dubitatione
869 3927 975 3991 cretici
998 3925 1123 3991 dimetri
1145 3931 1228 3988 acet.
1256 3930 1332 3987 sunt

154 4050 221 4095 non
243 4051 314 4094 cum
336 4029 480 4095 clausula
503 4082 533 4092 -
535 4065 645 4108 υυυυυ
668 4029 722 4095 sed
744 4031 851 4114 potius
874 4051 945 4094 cum
968 4028 1109 4094 clausula
1131 4062 1260 4092 -e.c-.

159 4157 301 4165 ———

245 4205 586 4274 1)Praeterhosversus
606 4205 641 4261 ol.
661 4206 740 4260 (lure.
760 4208 818 4261 179.
855 4206 931 4260 Pers.
950 4206 1011 4260 515.
1046 4204 1128 4258 Truc.
1147 4205 1208 4259 223.
1245 4203 1333 4259 Mero.

154 4298 217 4351 644.
254 4294 338 4349 Poen.
356 4296 418 4348 555.
453 4294 540 4349 Stich.
560 4295 622 4349 eol.

245 4384 274 4451 2)
293 4381 334 4437 (if.
355 4380 710 4447 Buecheler-Windekilde,
731 4383 748 4438 l.
767 4400 791 4436 c.
810 4399 873 4452 peg-
894 4385 955 4438 120.

245 4472 272 4539 3)
291 4469 416 4524 Creticus
436 4470 556 4525 dimeter
575 4475 647 4525 eost.
667 4488 730 4525 cum
750 4471 888 4526 clausule:
910 4489 1051 4517 -v-u-·

245 4561 273 4629 4)
292 4557 416 4614 Creticus
435 4563 601 4617 tetrameter
620 4565 690 4616 acet
822 4562 849 4630 5)
868 4559 908 4618 (ll.
928 4576 992 4631 pag.
1010 4562 1035 4618 6.
