3267 5184
223 334 271 401 De
294 333 455 401 vocalibus
477 333 641 420 productis
662 331 793 400 Latinas
818 354 909 400 voces
930 332 1183 399 terminantibus.
1249 330 1290 396 47

113 522 233 588 ultima
265 529 391 590 servata
421 525 463 590 sit
497 521 662 609 producta.
718 523 823 605 Atque
853 521 913 586 nisi
949 520 1056 586 omnis
1088 541 1139 584 me
1170 517 1295 597 fallunt,

113 627 275 710 correptio
296 628 329 691 in
351 627 424 692 bens
446 634 478 693 ct
500 627 581 691 mule
604 624 728 690 duabus
751 623 865 690 effecta
887 629 936 689 est
957 645 996 688 ex
1017 623 1135 688 causis:
1158 622 1295 705 primum

114 731 195 814 quia
217 729 289 814 plus
312 751 455 796 sermone
469 730 654 796 terebantur
677 729 797 803 ceteris,
822 726 937 792 deiude
952 729 1185 809 correptionem
1207 746 1295 789 acce-

115 833 299 898 leraverunt
320 833 441 898 formae
463 831 733 910 instrumentaliS,
763 853 847 914 quae
868 851 993 914 semper
1014 829 1167 895 carebant
1189 829 1296 895 littera

112 934 206 1000 finali
228 936 267 1000 d:
297 935 395 1000 *bens
423 944 455 1001 ct
481 935 611 1014 *mali;
637 935 657 998 i.
680 956 706 999 e.
731 935 909 1017 promiscue
936 933 1012 998 olim
1044 933 1125 998 haec
1154 933 1296 1016 profers-

114 1039 236 1103 bantur
250 1039 388 1106 formae:
411 1039 559 1105 ablativi:
581 1037 711 1118 *bened
725 1035 863 1119 *molid
877 1037 1006 1118 *Madd
1020 1036 1155 1115 *mersu
1168 1043 1296 1120 postes:

113 1141 226 1220 *bene
249 1142 363 1224 *mala
384 1142 466 1226 binc,
489 1143 589 1221 muta
611 1148 643 1206 et
664 1141 938 1206 instrumentales:
961 1139 1072 1223 *bena
1086 1141 1199 1222 *mola
1212 1139 1295 1223 besa,

112 1246 210 1326 mals,
233 1246 348 1344 quibus
377 1267 417 1312 ex
446 1247 555 1312 formis
583 1245 668 1310 solae
699 1251 842 1310 servatae
863 1252 939 1310 sunt
960 1251 1144 1327 correptae:
1172 1243 1249 1308 mad
1265 1249 1297 1308 et

121 1349 214 1414 meld.

312 1540 342 1601 5.
387 1535 516 1620 Cotidie,
539 1536 637 1618 bodie,
668 1535 809 1618 locridis,
827 1534 993 1618 postridie,
1010 1535 1128 1618 pridie.

206 1659 295 1724 Haec
317 1658 474 1736 adverbia,
499 1657 689 1739 ubicumque
705 1667 886 1732 occurrunt,
909 1655 942 1719 in
965 1675 982 1718 e
1004 1654 1145 1720 litteram
1166 1655 1298 1719 mittun·

116 1769 173 1826 tur
203 1760 401 1844 productam.
453 1759 614 1844 Originem
642 1759 727 1824 unde
757 1757 891 1834 ducant,
924 1759 1029 1822 sintne
1055 1756 1225 1822 locativi
1251 1779 1297 1822 an

115 1864 312 1941 ablativi,
341 1862 497 1928 dubium
529 1870 602 1935 est,
633 1881 838 1944 quamquam,
869 1881 941 1926 oum
963 1860 1145 1942 frequenter
1167 1862 1298 1925 coniun-

115 1974 238 2052 gantur
253 1967 374 2032 formae
396 1965 482 2031 velut
496 1966 548 2030 die
569 1966 687 2050 quarti,
710 1965 761 2028 dis
783 1965 916 2048 septimi,
939 1963 991 2026 dis
1006 1964 1138 2028 audini
1160 1970 1193 2028 et
1213 1984 1299 2028 com-

115 2072 226 2155 posita
254 2070 427 2155 poetri-die,
450 2069 592 2154 pri-die,
622 2067 771 2132 meri-die
801 2067 907 2150 priore
938 2068 971 2131 in
1004 2072 1096 2150 parte
1128 2066 1296 2132 locativum

116 2176 283 2240 continere
310 2172 487 2250 videantur,
517 2170 679 2262 suadetur,
703 2177 739 2236 ut
760 2171 810 2236 dic
832 2170 1002 2236 locativum
1034 2190 1102 2235 esse
1123 2169 1297 2247 credamus,

116 2278 175 2361 qui
197 2278 211 2339 i
232 2276 371 2342 litteram
388 2275 504 2341 abiecit
519 2273 656 2341 finalem.
701 2273 764 2340 Sed
786 2274 860 2339 huic
882 2274 1059 2339 sententiae
1080 2271 1190 2350 officit,
1213 2273 1297 2357 quod

116 2380 314 2446 Faliscorum
336 2378 424 2460 foied
441 2382 472 2460 ¹),
501 2379 559 2444 etsi
581 2379 662 2443 baec
683 2379 753 2461 ipsa
775 2377 878 2442 forma
901 2375 1061 2459 quomodo
1084 2375 1297 2460 intellegenda

119 2486 164 2548 sit
186 2503 250 2548 non
273 2482 367 2565 plane
389 2482 489 2564 liquet
504 2485 540 2566 ²),
564 2481 723 2546 ablativus
745 2480 916 2564 singularis
931 2480 1062 2562 quintae
1077 2478 1298 2544 declinationis

116 2588 152 2651 in
177 2585 229 2648 -cd
251 2585 475 2660 videturesse,
499 2585 555 2667 qui
577 2584 599 2648 d
620 2584 757 2649 litteram
782 2586 920 2649 servavit
941 2583 1117 2666 pristinam.

208 2687 315 2753 Pauca
335 2686 433 2754 verba
448 2688 524 2753 mibi
540 2687 689 2753 facienda
704 2694 778 2752 sunt
801 2687 841 2751 de
862 2686 1011 2752 adverbio
1034 2685 1124 2750 bodie
1137 2689 1173 2770 ³).
1207 2685 1299 2764 Quod

119 2812 229 2856 omnes
263 2793 328 2856 fere
360 2797 466 2860 ortum
499 2811 566 2856 esse
598 2791 851 2874 interpretantur
881 2789 938 2853 viri
969 2788 1053 2853 docti
1084 2810 1123 2853 ex
1152 2788 1299 2872 bodias)

118 2896 241 2979 quippe
274 2915 292 2958 o
322 2894 432 2959 littera
469 2901 635 2977 correpta,
675 2895 752 2976 quia
786 2893 849 2957 duo
887 2891 1065 2957 coaluerint
1097 2890 1253 2956 vocabula
1266 2895 1300 2972 ⁶).

119 2997 286 3075 Profecto,
318 2998 426 3080 negari
454 2998 566 3080 nequit
595 2995 768 3061 identidem
799 2997 832 3060 in
863 2996 974 3078 lingua
995 2994 1127 3073 Latina,
1155 2994 1218 3059 duo
1245 2994 1300 3060 ubi

119 3099 309 3166 coaluerunt
331 3099 501 3179 vocabula,
531 3100 653 3184 primae
683 3099 768 3164 vocis
796 3097 938 3164 vocalem
966 3097 1094 3164 finalem
1122 3097 1300 3197 breviatam

117 3221 221 3276 Pseud.
240 3223 303 3278 603:
329 3222 388 3276 Iam
406 3220 455 3290 pdl
474 3237 526 3292 ego
544 3221 618 3276 huuc
642 3220 831 3276 atritiotioum
848 3219 977 3273 nuntium
998 3219 1192 3274 advenientem
1210 3220 1300 3288 probe

254 3311 418 3380 percutiam.

119 3400 155 3453 In
175 3397 317 3454 adverbiis
336 3415 469 3466 arnume,
489 3415 620 3468 prospers
647 3399 743 3468 lingua
761 3397 863 3452 Latina
881 3396 1090 3464 correptionem
1108 3411 1165 3448 non
1183 3395 1300 3464 recepit,

253 3488 319 3556 quia
337 3487 407 3541 haec
421 3486 555 3542 adverbia
573 3505 628 3542 nou
641 3487 765 3541 iambum
780 3484 908 3540 efficiunt
925 3485 967 3552 (ut
985 3484 1053 3536 clim
1065 3483 1135 3549 bena
1147 3482 1226 3546 male,
1244 3499 1300 3553 spo,

253 3574 349 3646 quasi)
366 3575 415 3629 sed
434 3576 577 3630 creticum.
862 3576 864 3579 ’

213 3684 237 3750 l)
257 3682 381 3748 Deeoke‚
410 3683 529 3752 sprache
557 3682 607 3736 der
635 3681 761 3735 Falislrer
787 3697 853 3750 pag.
886 3682 954 3734 155:
973 3677 1056 3748 suiad
1075 3693 1081 3705 ·
1103 3677 1166 3731 uim
1186 3688 1196 3707 ·
1208 3678 1301 3745 pafo·

122 3769 178 3824 lero
197 3787 204 3800 ·
223 3769 328 3834 kar-eso·
670 3819 673 3824 .

211 3860 240 3928 2)
259 3858 378 3927 Deeclre‚
397 3861 415 3914 l.
432 3878 472 3914 c.:
494 3858 596 3930 „fos'od
613 3859 723 3913 scheint
742 3858 804 3912 eine
817 3856 1020 3928 verungliickte
1032 3854 1234 3924 Fuliskisirung
1251 3853 1301 3908 des

122 3945 270 4001 latitudis
297 3965 331 4000 zu
359 3949 433 4016 sein,
461 3949 489 4002 in
514 3952 665 4016 gegensata
692 3964 726 3999 zu
751 3946 803 3999 krc
824 3969 856 3993 =
875 3963 945 4014 cras,
975 3945 1015 3998 sei
1042 3960 1071 3997 es
1089 3942 1233 3997 verstellt
1251 3958 1301 3995 aus

122 4032 220 4100 *fodis
239 4033 307 4089 oder
326 4036 469 4090 sntstellt
488 4052 538 4089 aus
557 4034 672 4104 *judicii
690 4035 741 4088 mit
765 4033 978 4089 ablativischem
996 4031 1034 4085 d.
1050 4069 1078 4086 ..
1097 4073 1103 4086 .
1124 4029 1246 4085 vsrfeblt
1264 4029 1301 4084 ist

127 4123 174 4178 die
193 4122 266 4178 form
285 4124 314 4177 in
329 4124 412 4194 jeder
430 4124 561 4190 hinsicht‚
582 4122 784 4178 eutscbeidend
803 4122 891 4176 falech
912 4121 961 4176 des
978 4123 1025 4186 f“.
1050 4149 1083 4159 -
1108 4119 1163 4174 Sed
1182 4117 1217 4171 cf.
1236 4134 1301 4188 pag.

123 4212 206 4279 48,4).

221 4300 247 4368 d)
267 4299 307 4354 De
320 4297 452 4371 perendie
469 4300 534 4356 vide
552 4300 682 4370 Skutsch,
699 4299 805 4369 jahrb,
824 4299 915 4368 suppl.
934 4296 982 4351 bd.
1001 4299 1044 4349 27.
1063 4311 1126 4364 pag.
1144 4295 1180 4348 93
1199 4310 1259 4362 sqq.

212 4388 240 4457 4)
260 4386 394 4442 Nonnulli
422 4405 455 4442 ex
483 4387 597 4454 sotum
624 4387 659 4442 cf.
688 4385 824 4456 Vanidelr,
852 4391 937 4455 etym.
965 4389 1045 4439 wbrt.
1074 4397 1138 4452 pag.
1172 4384 1238 4449 124,
1266 4397 1301 4436 ex

125 4474 280 4530 *boi-diat.

213 4564 241 4634 5)
260 4562 331 4618 Vide
356 4561 519 4634 Buecheler,
539 4564 682 4620 Wdlfflins
702 4563 798 4619 archiv
817 4562 857 4616 111
877 4565 936 4615 145.
972 4556 1103 4622 Skutsch,
1123 4555 1301 4635 forsch.18q
