<?xml version="1.0" encoding="UTF-8"?>
<!DOCTYPE html PUBLIC "-//W3C//DTD XHTML 1.0 Transitional//EN"
    "http://www.w3.org/TR/xhtml1/DTD/xhtml1-transitional.dtd">
<html xmlns="http://www.w3.org/1999/xhtml" xml:lang="en" lang="en">
 <head>
  <title>
</title>
<meta http-equiv="Content-Type" content="text/html;charset=utf-8" />
  <meta name='ocr-system' content='tesseract 3.04.00' />
  <meta name='ocr-capabilities' content='ocr_page ocr_carea ocr_par ocr_line ocrx_word'/>
</head>
<body>
  <div class='ocr_page' id='page_1' title='image "./devocalibusprod00weddgoog_0017.png"; bbox 0 0 3267 5184; ppageno 0'>
   <div class='ocr_carea' id='block_1_1' title="bbox 201 339 1268 426">
    <p class='ocr_par' dir='ltr' id='par_1_1' title="bbox 201 339 1268 426">
     <span class='ocr_line' id='line_1_1' title="bbox 201 339 1268 426; baseline -0.004 -16"><span class='ocrx_word' id='word_1_1' title='bbox 201 339 248 410; x_wconf 84' lang='lat' dir='ltr'><strong>De</strong></span> <span class='ocrx_word' id='word_1_2' title='bbox 270 339 432 412; x_wconf 85' lang='lat' dir='ltr'><strong>vocalibus</strong></span> <span class='ocrx_word' id='word_1_3' title='bbox 454 339 619 426; x_wconf 89' lang='lat' dir='ltr'><strong>productis</strong></span> <span class='ocrx_word' id='word_1_4' title='bbox 641 339 771 409; x_wconf 80' lang='lat' dir='ltr'><strong>latinas</strong></span> <span class='ocrx_word' id='word_1_5' title='bbox 793 363 886 408; x_wconf 79' lang='lat' dir='ltr'><strong>voces</strong></span> <span class='ocrx_word' id='word_1_6' title='bbox 908 339 1161 408; x_wconf 70' lang='lat' dir='ltr'><strong>terminantibus.</strong></span> <span class='ocrx_word' id='word_1_7' title='bbox 1247 339 1268 406; x_wconf 83' lang='lat'><strong>3</strong></span> 
     </span>
    </p>
   </div>
   <div class='ocr_carea' id='block_1_2' title="bbox 94 480 1271 806">
    <p class='ocr_par' dir='ltr' id='par_1_2' title="bbox 94 480 1271 806">
     <span class='ocr_line' id='line_1_2' title="bbox 94 480 1271 616; baseline -0.003 -20"><span class='ocrx_word' id='word_1_8' title='bbox 94 480 160 596; x_wconf 89' lang='lat' dir='ltr'><strong>und</strong></span> <span class='ocrx_word' id='word_1_9' title='bbox 183 531 238 597; x_wconf 91' lang='lat' dir='ltr'><strong>des</strong></span> <span class='ocrx_word' id='word_1_10' title='bbox 259 532 289 598; x_wconf 76' lang='grc' dir='ltr'><strong>ὃ.</strong></span> <span class='ocrx_word' id='word_1_11' title='bbox 312 554 383 598; x_wconf 84' lang='lat' dir='ltr'><strong>aum</strong></span> <span class='ocrx_word' id='word_1_12' title='bbox 406 532 436 598; x_wconf 77' lang='lat' dir='ltr'><strong>e.</strong></span> <span class='ocrx_word' id='word_1_13' title='bbox 451 531 535 600; x_wconf 78' lang='lat' dir='ltr'><strong>bisse</strong></span> <span class='ocrx_word' id='word_1_14' title='bbox 549 532 577 616; x_wconf 90' lang='lat'><strong>¹)</strong></span> <span class='ocrx_word' id='word_1_15' title='bbox 599 530 655 596; x_wconf 90' lang='lat' dir='ltr'><strong>des</strong></span> <span class='ocrx_word' id='word_1_16' title='bbox 670 529 908 596; x_wconf 85' lang='lat' dir='ltr'><strong>trochaeiecheu</strong></span> <span class='ocrx_word' id='word_1_17' title='bbox 927 532 1092 614; x_wconf 89' lang='lat' dir='ltr'><strong>septeuars</strong></span> <span class='ocrx_word' id='word_1_18' title='bbox 1114 530 1172 595; x_wconf 90' lang='lat' dir='ltr'><strong>der</strong></span> <span class='ocrx_word' id='word_1_19' title='bbox 1184 527 1271 613; x_wconf 79' lang='lat' dir='ltr'><strong>regel</strong></span> 
     </span>
     <span class='ocr_line' id='line_1_3' title="bbox 95 632 1271 719; baseline -0.002 -20"><span class='ocrx_word' id='word_1_20' title='bbox 95 635 179 702; x_wconf 89' lang='lat' dir='ltr'><strong>nach</strong></span> <span class='ocrx_word' id='word_1_21' title='bbox 201 657 264 702; x_wconf 89' lang='lat' dir='ltr'><strong>nur</strong></span> <span class='ocrx_word' id='word_1_22' title='bbox 285 635 475 715; x_wconf 87' lang='lat' dir='ltr'><strong>iambisohe,</strong></span> <span class='ocrx_word' id='word_1_23' title='bbox 502 635 592 702; x_wconf 87' lang='lat' dir='ltr'><strong>nicht</strong></span> <span class='ocrx_word' id='word_1_24' title='bbox 618 633 827 719; x_wconf 88' lang='lat' dir='ltr'><strong>spondeische</strong></span> <span class='ocrx_word' id='word_1_25' title='bbox 857 633 934 698; x_wconf 89' lang='lat' dir='ltr'><strong>oder</strong></span> <span class='ocrx_word' id='word_1_26' title='bbox 955 632 1198 717; x_wconf 86' lang='lat' dir='ltr'><strong>anapaestisebe</strong></span> <span class='ocrx_word' id='word_1_27' title='bbox 1219 633 1271 698; x_wconf 88' lang='lat' dir='ltr'><strong>be·</strong></span> 
     </span>
     <span class='ocr_line' id='line_1_4' title="bbox 95 739 567 806; baseline 0 -3"><span class='ocrx_word' id='word_1_28' title='bbox 95 744 184 804; x_wconf 87' lang='lat' dir='ltr'><strong>tonte</strong></span> <span class='ocrx_word' id='word_1_29' title='bbox 205 739 426 806; x_wconf 87' lang='lat' dir='ltr'><strong>wortschliisse</strong></span> <span class='ocrx_word' id='word_1_30' title='bbox 448 739 567 806; x_wconf 89' lang='lat' dir='ltr'><strong>steheu.</strong></span> 
     </span>
    </p>
   </div>
   <div class='ocr_carea' id='block_1_3' title="bbox 97 858 1274 1271">
    <p class='ocr_par' dir='ltr' id='par_1_3' title="bbox 97 858 1274 1271">
     <span class='ocr_line' id='line_1_5' title="bbox 183 858 950 944; baseline -0.001 -20"><span class='ocrx_word' id='word_1_31' title='bbox 183 859 233 926; x_wconf 87' lang='lat' dir='ltr'><strong>Ab</strong></span> <span class='ocrx_word' id='word_1_32' title='bbox 255 858 316 926; x_wconf 91' lang='lat' dir='ltr'><strong>hac</strong></span> <span class='ocrx_word' id='word_1_33' title='bbox 338 859 407 944; x_wconf 79' lang='lat' dir='ltr'><strong>lege</strong></span> <span class='ocrx_word' id='word_1_34' title='bbox 429 881 500 926; x_wconf 90' lang='lat' dir='ltr'><strong>oum</strong></span> <span class='ocrx_word' id='word_1_35' title='bbox 523 859 746 926; x_wconf 76' lang='lat' dir='ltr'><strong>abhorreat-r.</strong></span> <span class='ocrx_word' id='word_1_36' title='bbox 770 858 847 924; x_wconf 84' lang='lat' dir='ltr'><strong>(list</strong></span> <span class='ocrx_word' id='word_1_37' title='bbox 868 858 950 924; x_wconf 76' lang='lat'>555:</span> 
     </span>
     <span class='ocr_line' id='line_1_6' title="bbox 272 961 1098 1048; baseline 0 -20"><span class='ocrx_word' id='word_1_38' title='bbox 272 963 317 1028; x_wconf 89' lang='lat' dir='ltr'><strong>Vt</strong></span> <span class='ocrx_word' id='word_1_39' title='bbox 337 963 389 1030; x_wconf 79' lang='lat' dir='ltr'><strong>res</strong></span> <span class='ocrx_word' id='word_1_40' title='bbox 401 970 498 1048; x_wconf 72' lang='lat' dir='ltr'><strong>geste</strong></span> <span class='ocrx_word' id='word_1_41' title='bbox 520 963 570 1030; x_wconf 88' lang='lat' dir='ltr'><strong>sit</strong></span> <span class='ocrx_word' id='word_1_42' title='bbox 591 964 599 1048; x_wconf 77' lang='lat' dir='ltr'><strong>ll</strong></span> <span class='ocrx_word' id='word_1_43' title='bbox 621 963 749 1028; x_wconf 87' lang='lat' dir='ltr'><strong>Vtinam</strong></span> <span class='ocrx_word' id='word_1_44' title='bbox 770 961 885 1028; x_wconf 80' lang='lat' dir='ltr'><strong>audire</strong></span> <span class='ocrx_word' id='word_1_45' title='bbox 905 961 969 1026; x_wconf 82' lang='lat' dir='ltr'><strong>non</strong></span> <span class='ocrx_word' id='word_1_46' title='bbox 991 981 1098 1044; x_wconf 87' lang='lat' dir='ltr'><strong>queas,</strong></span> 
     </span>
     <span class='ocr_line' id='line_1_7' title="bbox 97 1081 1274 1169; baseline -0.003 -21"><span class='ocrx_word' id='word_1_47' title='bbox 97 1083 204 1149; x_wconf 84' lang='lat' dir='ltr'><strong>(luisti</strong></span> <span class='ocrx_word' id='word_1_48' title='bbox 227 1104 396 1166; x_wconf 73' lang='lat' dir='ltr'><strong>sequenm</strong></span> <span class='ocrx_word' id='word_1_49' title='bbox 417 1090 540 1169; x_wconf 85' lang='lat' dir='ltr'><strong>partes,</strong></span> <span class='ocrx_word' id='word_1_50' title='bbox 571 1084 626 1166; x_wconf 89' lang='lat' dir='ltr'><strong>qui</strong></span> <span class='ocrx_word' id='word_1_51' title='bbox 648 1090 814 1166; x_wconf 88' lang='lat' dir='ltr'><strong>tamquam</strong></span> <span class='ocrx_word' id='word_1_52' title='bbox 836 1081 1053 1166; x_wconf 75' lang='lat' dir='ltr'><strong>praesentiens</strong></span> <span class='ocrx_word' id='word_1_53' title='bbox 1073 1088 1107 1146; x_wconf 90' lang='lat' dir='ltr'><strong>et</strong></span> <span class='ocrx_word' id='word_1_54' title='bbox 1127 1081 1274 1148; x_wconf 80' lang='lat' dir='ltr'><strong>divinans</strong></span> 
     </span>
     <span class='ocr_line' id='line_1_8' title="bbox 99 1187 658 1271; baseline -0.002 -21"><span class='ocrx_word' id='word_1_55' title='bbox 99 1187 297 1270; x_wconf 73' lang='lat' dir='ltr'><strong>transposuit</strong></span> <span class='ocrx_word' id='word_1_56' title='bbox 317 1207 408 1252; x_wconf 87' lang='lat' dir='ltr'><strong>voces</strong></span> <span class='ocrx_word' id='word_1_57' title='bbox 430 1207 482 1251; x_wconf 82' lang='lat' dir='ltr'><strong>ree</strong></span> <span class='ocrx_word' id='word_1_58' title='bbox 504 1191 658 1271; x_wconf 76' lang='lat' dir='ltr'><strong>otperto:</strong></span> 
     </span>
    </p>
   </div>
   <div class='ocr_carea' id='block_1_4' title="bbox 158 1306 1105 1601">
    <p class='ocr_par' dir='ltr' id='par_1_4' title="bbox 158 1306 1105 1601">
     <span class='ocr_line' id='line_1_9' title="bbox 163 1306 1105 1394; baseline -0.003 -20"><span class='ocrx_word' id='word_1_59' title='bbox 163 1320 166 1325; x_wconf 84' lang='grc'><em>“</em></span> <span class='ocrx_word' id='word_1_60' title='bbox 271 1307 317 1374; x_wconf 93' lang='lat' dir='ltr'><strong>Ut</strong></span> <span class='ocrx_word' id='word_1_61' title='bbox 337 1307 428 1392; x_wconf 77' lang='lat' dir='ltr'><strong>gesta</strong></span> <span class='ocrx_word' id='word_1_62' title='bbox 450 1307 501 1374; x_wconf 79' lang='lat' dir='ltr'><strong>res</strong></span> <span class='ocrx_word' id='word_1_63' title='bbox 524 1309 574 1374; x_wconf 90' lang='lat' dir='ltr'><strong>sit.</strong></span> <span class='ocrx_word' id='word_1_64' title='bbox 596 1306 606 1394; x_wconf 82' lang='lat' dir='ltr'><strong>i</strong></span> <span class='ocrx_word' id='word_1_65' title='bbox 628 1306 756 1372; x_wconf 89' lang='lat' dir='ltr'><strong>Vtinam</strong></span> <span class='ocrx_word' id='word_1_66' title='bbox 778 1306 890 1372; x_wconf 85' lang='lat' dir='ltr'><strong>andire</strong></span> <span class='ocrx_word' id='word_1_67' title='bbox 911 1306 974 1371; x_wconf 83' lang='lat' dir='ltr'><strong>ndu</strong></span> <span class='ocrx_word' id='word_1_68' title='bbox 998 1325 1105 1388; x_wconf 90' lang='lat' dir='ltr'><strong>queas.</strong></span> 
     </span>
     <span class='ocr_line' id='line_1_10' title="bbox 183 1409 1042 1496; baseline -0.002 -20"><span class='ocrx_word' id='word_1_69' title='bbox 183 1409 261 1476; x_wconf 81' lang='lat' dir='ltr'><strong>Cum</strong></span> <span class='ocrx_word' id='word_1_70' title='bbox 284 1410 387 1478; x_wconf 86' lang='lat' dir='ltr'><strong>altera</strong></span> <span class='ocrx_word' id='word_1_71' title='bbox 408 1411 477 1496; x_wconf 80' lang='lat' dir='ltr'><strong>lege</strong></span> <span class='ocrx_word' id='word_1_72' title='bbox 499 1411 631 1482; x_wconf 85' lang='lat' dir='ltr'><strong>metrica</strong></span> <span class='ocrx_word' id='word_1_73' title='bbox 652 1415 774 1495; x_wconf 78' lang='lat' dir='ltr'><strong>pugnat</strong></span> <span class='ocrx_word' id='word_1_74' title='bbox 795 1433 822 1476; x_wconf 88' lang='lat' dir='ltr'><strong>v.</strong></span> <span class='ocrx_word' id='word_1_75' title='bbox 845 1410 937 1477; x_wconf 78' lang='lat' dir='ltr'><strong>Cure.</strong></span> <span class='ocrx_word' id='word_1_76' title='bbox 958 1410 1042 1475; x_wconf 72' lang='lat'>461:</span> 
     </span>
     <span class='ocr_line' id='line_1_11' title="bbox 158 1512 1093 1601; baseline -0.004 -21"><span class='ocrx_word' id='word_1_77' title='bbox 158 1523 159 1528; x_wconf 76' lang='grc'>’</span> <span class='ocrx_word' id='word_1_78' title='bbox 270 1513 452 1597; x_wconf 88' lang='lat' dir='ltr'><strong>Sequimini.</strong></span> <span class='ocrx_word' id='word_1_79' title='bbox 475 1514 484 1601; x_wconf 76' lang='grc' dir='ltr'><em>Η</em></span> <span class='ocrx_word' id='word_1_80' title='bbox 506 1513 603 1594; x_wconf 76' lang='lat' dir='ltr'><strong>Leno,</strong></span> <span class='ocrx_word' id='word_1_81' title='bbox 625 1517 702 1580; x_wconf 71' lang='lat' dir='ltr'><strong>cave</strong></span> <span class='ocrx_word' id='word_1_82' title='bbox 722 1515 756 1578; x_wconf 87' lang='lat' dir='ltr'><strong>in</strong></span> <span class='ocrx_word' id='word_1_83' title='bbox 777 1519 809 1580; x_wconf 91' lang='lat' dir='ltr'><strong>te</strong></span> <span class='ocrx_word' id='word_1_84' title='bbox 831 1516 874 1578; x_wconf 86' lang='lat' dir='ltr'><strong>sit</strong></span> <span class='ocrx_word' id='word_1_85' title='bbox 894 1522 985 1579; x_wconf 78' lang='lat' dir='ltr'><strong>mora</strong></span> <span class='ocrx_word' id='word_1_86' title='bbox 1006 1512 1093 1578; x_wconf 91' lang='lat' dir='ltr'><strong>mihi.</strong></span> 
     </span>
    </p>
   </div>
   <div class='ocr_carea' id='block_1_5' title="bbox 101 1614 1407 1702">
    <p class='ocr_par' dir='ltr' id='par_1_5' title="bbox 101 1614 1407 1702">
     <span class='ocr_line' id='line_1_12' title="bbox 101 1614 1407 1702; baseline 0.001 -23"><span class='ocrx_word' id='word_1_87' title='bbox 101 1614 182 1680; x_wconf 87' lang='lat' dir='ltr'><strong>Nam</strong></span> <span class='ocrx_word' id='word_1_88' title='bbox 198 1616 240 1681; x_wconf 79' lang='lat' dir='ltr'><strong>A..</strong></span> <span class='ocrx_word' id='word_1_89' title='bbox 252 1616 367 1696; x_wconf 84' lang='lat' dir='ltr'><strong>Luchs,</strong></span> <span class='ocrx_word' id='word_1_90' title='bbox 389 1618 445 1702; x_wconf 91' lang='lat' dir='ltr'><strong>qui</strong></span> <span class='ocrx_word' id='word_1_91' title='bbox 467 1618 507 1683; x_wconf 92' lang='lat' dir='ltr'><strong>de</strong></span> <span class='ocrx_word' id='word_1_92' title='bbox 529 1617 724 1702; x_wconf 89' lang='lat' dir='ltr'><strong>paenultimo</strong></span> <span class='ocrx_word' id='word_1_93' title='bbox 744 1617 874 1684; x_wconf 88' lang='lat' dir='ltr'><strong>iambici</strong></span> <span class='ocrx_word' id='word_1_94' title='bbox 895 1617 1012 1684; x_wconf 88' lang='lat' dir='ltr'><strong>senarii</strong></span> <span class='ocrx_word' id='word_1_95' title='bbox 1034 1615 1115 1701; x_wconf 86' lang='lat' dir='ltr'><strong>pede</strong></span> <span class='ocrx_word' id='word_1_96' title='bbox 1137 1616 1274 1680; x_wconf 87' lang='lat' dir='ltr'><strong>instituit</strong></span> <span class='ocrx_word' id='word_1_97' title='bbox 1403 1619 1407 1627; x_wconf 82' lang='grc'><strong>’</strong></span> 
     </span>
    </p>
   </div>
   <div class='ocr_carea' id='block_1_6' title="bbox 98 1719 1278 4012">
    <p class='ocr_par' dir='ltr' id='par_1_6' title="bbox 98 1719 1278 4012">
     <span class='ocr_line' id='line_1_13' title="bbox 98 1719 1275 1807; baseline 0.001 -23"><span class='ocrx_word' id='word_1_98' title='bbox 98 1721 315 1800; x_wconf 88' lang='lat' dir='ltr'><strong>quaestionem</strong></span> <span class='ocrx_word' id='word_1_99' title='bbox 327 1721 365 1807; x_wconf 83' lang='lat'><strong>¹),</strong></span> <span class='ocrx_word' id='word_1_100' title='bbox 387 1721 481 1788; x_wconf 88' lang='lat' dir='ltr'><strong>huius</strong></span> <span class='ocrx_word' id='word_1_101' title='bbox 502 1720 594 1806; x_wconf 89' lang='lat' dir='ltr'><strong>pedis</strong></span> <span class='ocrx_word' id='word_1_102' title='bbox 616 1721 720 1787; x_wconf 88' lang='lat' dir='ltr'><strong>thesin</strong></span> <span class='ocrx_word' id='word_1_103' title='bbox 735 1719 861 1806; x_wconf 76' lang='lat' dir='ltr'><strong>syllaba</strong></span> <span class='ocrx_word' id='word_1_104' title='bbox 879 1720 967 1787; x_wconf 82' lang='lat' dir='ltr'><strong>brevi</strong></span> <span class='ocrx_word' id='word_1_105' title='bbox 988 1719 1071 1786; x_wconf 88' lang='lat' dir='ltr'><strong>effici</strong></span> <span class='ocrx_word' id='word_1_106' title='bbox 1095 1739 1158 1784; x_wconf 92' lang='lat' dir='ltr'><strong>uon</strong></span> <span class='ocrx_word' id='word_1_107' title='bbox 1180 1731 1275 1803; x_wconf 91' lang='lat' dir='ltr'><strong>posse</strong></span> 
     </span>
     <span class='ocr_line' id='line_1_14' title="bbox 98 1821 673 1890; baseline 0.005 -5"><span class='ocrx_word' id='word_1_108' title='bbox 98 1821 238 1887; x_wconf 82' lang='lat' dir='ltr'><strong>ostendit</strong></span> <span class='ocrx_word' id='word_1_109' title='bbox 259 1824 320 1888; x_wconf 89' lang='lat' dir='ltr'><strong>nisi</strong></span> <span class='ocrx_word' id='word_1_110' title='bbox 341 1823 391 1890; x_wconf 94' lang='lat' dir='ltr'><strong>his</strong></span> <span class='ocrx_word' id='word_1_111' title='bbox 415 1825 673 1890; x_wconf 87' lang='lat' dir='ltr'><strong>condicionibus:</strong></span> 
     </span>
     <span class='ocr_line' id='line_1_15' title="bbox 144 1939 1274 2031; baseline 0.004 -25"><span class='ocrx_word' id='word_1_112' title='bbox 144 1945 170 2007; x_wconf 94' lang='lat' dir='ltr'><strong>l.</strong></span> <span class='ocrx_word' id='word_1_113' title='bbox 206 1945 253 2023; x_wconf 89' lang='lat' dir='ltr'><strong>„si</strong></span> <span class='ocrx_word' id='word_1_114' title='bbox 272 1943 458 2012; x_wconf 83' lang='lat' dir='ltr'><strong>vocabulum</strong></span> <span class='ocrx_word' id='word_1_115' title='bbox 482 1966 545 2012; x_wconf 88' lang='lat' dir='ltr'><strong>uon</strong></span> <span class='ocrx_word' id='word_1_116' title='bbox 567 1946 670 2010; x_wconf 88' lang='lat' dir='ltr'><strong>minus</strong></span> <span class='ocrx_word' id='word_1_117' title='bbox 697 1939 852 2027; x_wconf 90' lang='lat' dir='ltr'><strong>quattuor</strong></span> <span class='ocrx_word' id='word_1_118' title='bbox 873 1943 1066 2031; x_wconf 81' lang='lat' dir='ltr'><strong>syllabarum</strong></span> <span class='ocrx_word' id='word_1_119' title='bbox 1088 1941 1182 2010; x_wconf 90' lang='lat' dir='ltr'><strong>finem</strong></span> <span class='ocrx_word' id='word_1_120' title='bbox 1204 1964 1274 2011; x_wconf 78' lang='lat' dir='ltr'><strong>rer·</strong></span> 
     </span>
     <span class='ocr_line' id='line_1_16' title="bbox 185 2045 748 2132; baseline 0.002 -20"><span class='ocrx_word' id='word_1_121' title='bbox 185 2045 186 2050; x_wconf 71' lang='grc'>’</span> <span class='ocrx_word' id='word_1_122' title='bbox 209 2067 263 2113; x_wconf 90' lang='lat' dir='ltr'><strong>sus</strong></span> <span class='ocrx_word' id='word_1_123' title='bbox 285 2055 421 2132; x_wconf 85' lang='lat' dir='ltr'><strong>occupat</strong></span> <span class='ocrx_word' id='word_1_124' title='bbox 442 2047 528 2114; x_wconf 87' lang='lat' dir='ltr'><strong>velut</strong></span> <span class='ocrx_word' id='word_1_125' title='bbox 550 2047 665 2132; x_wconf 86' lang='lat' dir='ltr'><strong>Amph.</strong></span> <span class='ocrx_word' id='word_1_126' title='bbox 688 2047 748 2113; x_wconf 81' lang='lat'><strong>24:</strong></span> 
     </span>
     <span class='ocr_line' id='line_1_17' title="bbox 208 2148 991 2237; baseline 0.003 -22"><span class='ocrx_word' id='word_1_127' title='bbox 208 2149 325 2218; x_wconf 78' lang='lat' dir='ltr'><strong>Vertim</strong></span> <span class='ocrx_word' id='word_1_128' title='bbox 347 2151 491 2236; x_wconf 78' lang='lat' dir='ltr'><strong>profecto</strong></span> <span class='ocrx_word' id='word_1_129' title='bbox 513 2151 572 2218; x_wconf 92' lang='lat' dir='ltr'><strong>hoc</strong></span> <span class='ocrx_word' id='word_1_130' title='bbox 593 2151 701 2237; x_wconf 74' lang='lat' dir='ltr'><strong>petere</strong></span> <span class='ocrx_word' id='word_1_131' title='bbox 724 2148 774 2217; x_wconf 75' lang='lat' dir='ltr'><strong>md</strong></span> <span class='ocrx_word' id='word_1_132' title='bbox 795 2151 942 2236; x_wconf 71' lang='lat' dir='ltr'><strong>precario</strong></span> <span class='ocrx_word' id='word_1_133' title='bbox 959 2155 991 2233; x_wconf 81' lang='lat'><strong>⁸).</strong></span> 
     </span>
     <span class='ocr_line' id='line_1_18' title="bbox 142 2254 1274 2340; baseline 0.002 -21"><span class='ocrx_word' id='word_1_134' title='bbox 142 2255 174 2319; x_wconf 80' lang='lat'><strong>2.</strong></span> <span class='ocrx_word' id='word_1_135' title='bbox 206 2255 256 2334; x_wconf 90' lang='lat' dir='ltr'><strong>„si</strong></span> <span class='ocrx_word' id='word_1_136' title='bbox 286 2255 474 2322; x_wconf 81' lang='lat' dir='ltr'><strong>vocabulum</strong></span> <span class='ocrx_word' id='word_1_137' title='bbox 506 2255 657 2321; x_wconf 86' lang='lat' dir='ltr'><strong>creticum</strong></span> <span class='ocrx_word' id='word_1_138' title='bbox 685 2254 735 2320; x_wconf 89' lang='lat' dir='ltr'><strong>vel</strong></span> <span class='ocrx_word' id='word_1_139' title='bbox 766 2274 919 2339; x_wconf 87' lang='lat' dir='ltr'><strong>paeonem</strong></span> <span class='ocrx_word' id='word_1_140' title='bbox 951 2263 1100 2338; x_wconf 89' lang='lat' dir='ltr'><strong>quartum</strong></span> <span class='ocrx_word' id='word_1_141' title='bbox 1132 2276 1274 2340; x_wconf 89' lang='lat' dir='ltr'><strong>aequans</strong></span> 
     </span>
     <span class='ocr_line' id='line_1_19' title="bbox 206 2357 908 2444; baseline 0 -21"><span class='ocrx_word' id='word_1_142' title='bbox 206 2379 313 2424; x_wconf 83' lang='lat' dir='ltr'><strong>sersus</strong></span> <span class='ocrx_word' id='word_1_143' title='bbox 333 2358 428 2426; x_wconf 92' lang='lat' dir='ltr'><strong>finem</strong></span> <span class='ocrx_word' id='word_1_144' title='bbox 452 2357 550 2425; x_wconf 85' lang='lat' dir='ltr'><strong>efficit</strong></span> <span class='ocrx_word' id='word_1_145' title='bbox 561 2361 588 2444; x_wconf 78' lang='lat'><strong>⁴)</strong></span> <span class='ocrx_word' id='word_1_146' title='bbox 612 2359 697 2424; x_wconf 81' lang='lat' dir='ltr'><strong>velut</strong></span> <span class='ocrx_word' id='word_1_147' title='bbox 719 2359 804 2426; x_wconf 87' lang='lat' dir='ltr'><strong>Asin.</strong></span> <span class='ocrx_word' id='word_1_148' title='bbox 828 2357 908 2424; x_wconf 80' lang='lat'>803:</span> 
     </span>
     <span class='ocr_line' id='line_1_20' title="bbox 208 2459 989 2546; baseline 0.003 -19"><span class='ocrx_word' id='word_1_149' title='bbox 208 2461 287 2528; x_wconf 90' lang='lat' dir='ltr'><strong>Tum</strong></span> <span class='ocrx_word' id='word_1_150' title='bbox 309 2465 337 2528; x_wconf 84' lang='lat' dir='ltr'><strong>si</strong></span> <span class='ocrx_word' id='word_1_151' title='bbox 358 2463 502 2541; x_wconf 80' lang='lat' dir='ltr'><strong>carduos,</strong></span> <span class='ocrx_word' id='word_1_152' title='bbox 525 2463 621 2541; x_wconf 75' lang='lat' dir='ltr'><strong>sena,</strong></span> <span class='ocrx_word' id='word_1_153' title='bbox 643 2459 807 2546; x_wconf 76' lang='lat' dir='ltr'><strong>unguente</strong></span> <span class='ocrx_word' id='word_1_154' title='bbox 828 2462 989 2529; x_wconf 72' lang='lat' dir='ltr'><strong>illuserit</strong></span> 
     </span>
     <span class='ocr_line' id='line_1_21' title="bbox 143 2564 1275 2653; baseline 0.004 -23"><span class='ocrx_word' id='word_1_155' title='bbox 143 2568 171 2630; x_wconf 89' lang='lat'><strong>3.</strong></span> <span class='ocrx_word' id='word_1_156' title='bbox 206 2568 254 2644; x_wconf 85' lang='lat' dir='ltr'><strong>„si</strong></span> <span class='ocrx_word' id='word_1_157' title='bbox 276 2565 375 2632; x_wconf 88' lang='lat' dir='ltr'><strong>thesis</strong></span> <span class='ocrx_word' id='word_1_158' title='bbox 405 2566 495 2650; x_wconf 90' lang='lat' dir='ltr'><strong>pedis</strong></span> <span class='ocrx_word' id='word_1_159' title='bbox 522 2566 784 2650; x_wconf 89' lang='lat' dir='ltr'><strong>autepeenultimi</strong></span> <span class='ocrx_word' id='word_1_160' title='bbox 814 2564 939 2631; x_wconf 88' lang='lat' dir='ltr'><strong>duabus</strong></span> <span class='ocrx_word' id='word_1_161' title='bbox 968 2567 1115 2634; x_wconf 82' lang='lat' dir='ltr'><strong>brevibus</strong></span> <span class='ocrx_word' id='word_1_162' title='bbox 1145 2568 1275 2653; x_wconf 85' lang='lat' dir='ltr'><strong>syllabis</strong></span> 
     </span>
     <span class='ocr_line' id='line_1_22' title="bbox 207 2668 1275 2753; baseline 0.005 -19"><span class='ocrx_word' id='word_1_163' title='bbox 207 2670 253 2734; x_wconf 88' lang='lat' dir='ltr'><strong>ita</strong></span> <span class='ocrx_word' id='word_1_164' title='bbox 274 2668 425 2748; x_wconf 80' lang='lat' dir='ltr'><strong>efficitur,</strong></span> <span class='ocrx_word' id='word_1_165' title='bbox 457 2677 494 2735; x_wconf 90' lang='lat' dir='ltr'><strong>ut</strong></span> <span class='ocrx_word' id='word_1_166' title='bbox 519 2670 649 2736; x_wconf 88' lang='lat' dir='ltr'><strong>verbum</strong></span> <span class='ocrx_word' id='word_1_167' title='bbox 671 2688 826 2753; x_wconf 85' lang='lat' dir='ltr'><strong>paeonem</strong></span> <span class='ocrx_word' id='word_1_168' title='bbox 848 2676 997 2751; x_wconf 86' lang='lat' dir='ltr'><strong>quartum</strong></span> <span class='ocrx_word' id='word_1_169' title='bbox 1019 2669 1157 2738; x_wconf 86' lang='lat' dir='ltr'><strong>efficiens</strong></span> <span class='ocrx_word' id='word_1_170' title='bbox 1179 2673 1275 2739; x_wconf 80' lang='lat' dir='ltr'><strong>verbo</strong></span> 
     </span>
     <span class='ocr_line' id='line_1_23' title="bbox 206 2771 1026 2860; baseline -0.004 -22"><span class='ocrx_word' id='word_1_171' title='bbox 206 2773 343 2838; x_wconf 88' lang='lat' dir='ltr'><strong>iambico</strong></span> <span class='ocrx_word' id='word_1_172' title='bbox 361 2773 548 2857; x_wconf 77' lang='lat' dir='ltr'><strong>excipiatur,</strong></span> <span class='ocrx_word' id='word_1_173' title='bbox 574 2805 609 2828; x_wconf 66' lang='grc' dir='ltr'><strong>ει</strong></span> <span class='ocrx_word' id='word_1_174' title='bbox 637 2774 640 2860; x_wconf 74' lang='lat' dir='ltr'><strong>l</strong></span> <span class='ocrx_word' id='word_1_175' title='bbox 667 2797 755 2836; x_wconf 63' lang='lat' dir='ltr'><strong>omn.</strong></span> <span class='ocrx_word' id='word_1_176' title='bbox 769 2771 784 2859; x_wconf 50' lang='lat' dir='ltr'><strong>¹l</strong></span> <span class='ocrx_word' id='word_1_177' title='bbox 808 2803 859 2835; x_wconf 57' lang='lat' dir='ltr'><strong>on</strong></span> <span class='ocrx_word' id='word_1_178' title='bbox 879 2772 913 2859; x_wconf 73' lang='lat' dir='ltr'><strong>{l3</strong></span> <span class='ocrx_word' id='word_1_179' title='bbox 1021 2776 1026 2786; x_wconf 53' lang='lat'>⁸</span> 
     </span>
     <span class='ocr_line' id='line_1_24' title="bbox 141 2875 1276 2964; baseline 0.004 -24"><span class='ocrx_word' id='word_1_180' title='bbox 141 2877 172 2941; x_wconf 89' lang='lat'><strong>4.</strong></span> <span class='ocrx_word' id='word_1_181' title='bbox 205 2883 263 2956; x_wconf 90' lang='lat' dir='ltr'><strong>„ut</strong></span> <span class='ocrx_word' id='word_1_182' title='bbox 283 2877 438 2944; x_wconf 78' lang='lat' dir='ltr'><strong>uocabulo</strong></span> <span class='ocrx_word' id='word_1_183' title='bbox 458 2877 492 2943; x_wconf 90' lang='lat' dir='ltr'><strong>iu</strong></span> <span class='ocrx_word' id='word_1_184' title='bbox 515 2877 670 2962; x_wconf 87' lang='lat' dir='ltr'><strong>syllabam</strong></span> <span class='ocrx_word' id='word_1_185' title='bbox 691 2876 817 2942; x_wconf 84' lang='lat' dir='ltr'><strong>brevem</strong></span> <span class='ocrx_word' id='word_1_186' title='bbox 839 2875 995 2942; x_wconf 84' lang='lat' dir='ltr'><strong>desinenti</strong></span> <span class='ocrx_word' id='word_1_187' title='bbox 1016 2877 1190 2944; x_wconf 69' lang='lat' dir='ltr'><strong>summam</strong></span> <span class='ocrx_word' id='word_1_188' title='bbox 1211 2881 1276 2964; x_wconf 91' lang='lat' dir='ltr'><strong>pri·</strong></span> 
     </span>
     <span class='ocr_line' id='line_1_25' title="bbox 206 2978 1272 3064; baseline 0.004 -19"><span class='ocrx_word' id='word_1_189' title='bbox 206 3001 292 3046; x_wconf 90' lang='lat' dir='ltr'><strong>mum</strong></span> <span class='ocrx_word' id='word_1_190' title='bbox 306 2981 553 3064; x_wconf 86' lang='lat' dir='ltr'><strong>anapaesticum</strong></span> <span class='ocrx_word' id='word_1_191' title='bbox 575 2980 714 3059; x_wconf 83' lang='lat' dir='ltr'><strong>verbum,</strong></span> <span class='ocrx_word' id='word_1_192' title='bbox 737 2978 851 3045; x_wconf 87' lang='lat' dir='ltr'><strong>deinde</strong></span> <span class='ocrx_word' id='word_1_193' title='bbox 873 2980 1004 3047; x_wconf 83' lang='lat' dir='ltr'><strong>verbum</strong></span> <span class='ocrx_word' id='word_1_194' title='bbox 1026 2981 1210 3062; x_wconf 85' lang='lat' dir='ltr'><strong>iambicum,</strong></span> <span class='ocrx_word' id='word_1_195' title='bbox 1237 3013 1272 3038; x_wconf 85' lang='lat'>-</span> 
     </span>
     <span class='ocr_line' id='line_1_26' title="bbox 207 3083 529 3170; baseline -0.009 -1"><span class='ocrx_word' id='word_1_196' title='bbox 207 3083 529 3170; x_wconf 61' lang='lat' dir='ltr'><strong>wlw-lo-le</strong></span> 
     </span>
     <span class='ocr_line' id='line_1_27' title="bbox 144 3184 1275 3271; baseline 0.004 -21"><span class='ocrx_word' id='word_1_197' title='bbox 144 3187 173 3251; x_wconf 85' lang='lat'><strong>5.</strong></span> <span class='ocrx_word' id='word_1_198' title='bbox 211 3193 343 3265; x_wconf 88' lang='lat' dir='ltr'><strong>„contra</strong></span> <span class='ocrx_word' id='word_1_199' title='bbox 375 3187 402 3252; x_wconf 88' lang='lat' dir='ltr'><strong>si</strong></span> <span class='ocrx_word' id='word_1_200' title='bbox 433 3187 480 3252; x_wconf 85' lang='lat' dir='ltr'><strong>ita</strong></span> <span class='ocrx_word' id='word_1_201' title='bbox 507 3193 582 3252; x_wconf 86' lang='lat' dir='ltr'><strong>sunt</strong></span> <span class='ocrx_word' id='word_1_202' title='bbox 607 3185 763 3254; x_wconf 86' lang='lat' dir='ltr'><strong>vocabula</strong></span> <span class='ocrx_word' id='word_1_203' title='bbox 788 3184 994 3271; x_wconf 81' lang='lat' dir='ltr'><strong>syllabaeque</strong></span> <span class='ocrx_word' id='word_1_204' title='bbox 1021 3185 1207 3268; x_wconf 85' lang='lat' dir='ltr'><strong>distributa,</strong></span> <span class='ocrx_word' id='word_1_205' title='bbox 1237 3196 1275 3255; x_wconf 93' lang='lat' dir='ltr'><strong>ut</strong></span> 
     </span>
     <span class='ocr_line' id='line_1_28' title="bbox 209 3288 1276 3378; baseline 0.004 -24"><span class='ocrx_word' id='word_1_206' title='bbox 209 3288 357 3374; x_wconf 79' lang='lat' dir='ltr'><strong>deinceps</strong></span> <span class='ocrx_word' id='word_1_207' title='bbox 378 3309 446 3355; x_wconf 89' lang='lat' dir='ltr'><strong>sese</strong></span> <span class='ocrx_word' id='word_1_208' title='bbox 468 3289 628 3372; x_wconf 86' lang='lat' dir='ltr'><strong>excipiant</strong></span> <span class='ocrx_word' id='word_1_209' title='bbox 641 3289 846 3374; x_wconf 85' lang='lat' dir='ltr'><strong>pyrrhichius</strong></span> <span class='ocrx_word' id='word_1_210' title='bbox 866 3288 931 3371; x_wconf 80' lang='lat' dir='ltr'><strong>&lt;vel</strong></span> <span class='ocrx_word' id='word_1_211' title='bbox 952 3288 1076 3374; x_wconf 79' lang='lat' dir='ltr'><strong>syllaba</strong></span> <span class='ocrx_word' id='word_1_212' title='bbox 1096 3291 1276 3378; x_wconf 79' lang='lat' dir='ltr'><strong>preducta),</strong></span> 
     </span>
     <span class='ocr_line' id='line_1_29' title="bbox 210 3390 1278 3478; baseline 0.004 -22"><span class='ocrx_word' id='word_1_213' title='bbox 210 3391 344 3472; x_wconf 85' lang='lat' dir='ltr'><strong>iambus,</strong></span> <span class='ocrx_word' id='word_1_214' title='bbox 366 3390 490 3458; x_wconf 87' lang='lat' dir='ltr'><strong>iambus</strong></span> <span class='ocrx_word' id='word_1_215' title='bbox 509 3423 544 3446; x_wconf 69' lang='lat' dir='ltr'><strong>a</strong></span> <span class='ocrx_word' id='word_1_216' title='bbox 562 3419 601 3454; x_wconf 66' lang='lat' dir='ltr'><strong>oo</strong></span> <span class='ocrx_word' id='word_1_217' title='bbox 621 3390 685 3476; x_wconf 76' lang='lat' dir='ltr'><strong>(rel</strong></span> <span class='ocrx_word' id='word_1_218' title='bbox 700 3395 745 3475; x_wconf 57' lang='lat' dir='ltr'><strong>a&gt;</strong></span> <span class='ocrx_word' id='word_1_219' title='bbox 761 3393 765 3476; x_wconf 74' lang='lat' dir='ltr'><strong>l</strong></span> <span class='ocrx_word' id='word_1_220' title='bbox 782 3425 831 3456; x_wconf 58' lang='lat' dir='ltr'><strong>oa</strong></span> <span class='ocrx_word' id='word_1_221' title='bbox 850 3391 853 3478; x_wconf 75' lang='lat' dir='ltr'><strong>l</strong></span> <span class='ocrx_word' id='word_1_222' title='bbox 870 3424 919 3456; x_wconf 55' lang='lat' dir='ltr'><strong>ca</strong></span> <span class='ocrx_word' id='word_1_223' title='bbox 941 3392 971 3477; x_wconf 62' lang='grc' dir='ltr'><strong>ΙΙό</strong></span> <span class='ocrx_word' id='word_1_224' title='bbox 985 3413 1061 3460; x_wconf 69' lang='grc' dir='ltr'><strong>που</strong></span> <span class='ocrx_word' id='word_1_225' title='bbox 1083 3393 1278 3460; x_wconf 86' lang='lat' dir='ltr'><strong>admiserunt</strong></span> 
     </span>
     <span class='ocr_line' id='line_1_30' title="bbox 211 3493 583 3580; baseline 0.011 -18"><span class='ocrx_word' id='word_1_226' title='bbox 211 3501 323 3579; x_wconf 89' lang='lat' dir='ltr'><strong>poetae</strong></span> <span class='ocrx_word' id='word_1_227' title='bbox 344 3493 505 3566; x_wconf 61' lang='lat' dir='ltr'><strong>iambum‘f</strong></span> <span class='ocrx_word' id='word_1_228' title='bbox 522 3496 559 3580; x_wconf 79' lang='lat'><strong>⁶).</strong></span> <span class='ocrx_word' id='word_1_229' title='bbox 581 3537 583 3542; x_wconf 95' lang='lat'>·</span> 
     </span>
     <span class='ocr_line' id='line_1_31' title="bbox 189 3614 1276 3700; baseline 0.004 -20"><span class='ocrx_word' id='word_1_230' title='bbox 189 3615 247 3682; x_wconf 86' lang='lat' dir='ltr'><strong>liis</strong></span> <span class='ocrx_word' id='word_1_231' title='bbox 275 3616 397 3700; x_wconf 77' lang='lat' dir='ltr'><strong>legibus</strong></span> <span class='ocrx_word' id='word_1_232' title='bbox 428 3637 499 3682; x_wconf 89' lang='lat' dir='ltr'><strong>cum</strong></span> <span class='ocrx_word' id='word_1_233' title='bbox 528 3622 684 3700; x_wconf 74' lang='lat' dir='ltr'><strong>repugnet</strong></span> <span class='ocrx_word' id='word_1_234' title='bbox 709 3614 781 3682; x_wconf 86' lang='lat' dir='ltr'><strong>finis</strong></span> <span class='ocrx_word' id='word_1_235' title='bbox 807 3636 915 3682; x_wconf 83' lang='lat' dir='ltr'><strong>versus</strong></span> <span class='ocrx_word' id='word_1_236' title='bbox 936 3615 1038 3683; x_wconf 76' lang='lat' dir='ltr'><strong>(lusu</strong></span> <span class='ocrx_word' id='word_1_237' title='bbox 1058 3616 1141 3682; x_wconf 80' lang='lat'>461:</span> <span class='ocrx_word' id='word_1_238' title='bbox 1175 3670 1182 3684; x_wconf 93' lang='lat'><strong>.</strong></span> <span class='ocrx_word' id='word_1_239' title='bbox 1206 3667 1213 3683; x_wconf 87' lang='lat'><strong>.</strong></span> <span class='ocrx_word' id='word_1_240' title='bbox 1238 3666 1276 3684; x_wconf 87' lang='lat'><strong>..</strong></span> 
     </span>
     <span class='ocr_line' id='line_1_32' title="bbox 101 3719 1277 3807; baseline 0.002 -22"><span class='ocrx_word' id='word_1_241' title='bbox 101 3721 145 3785; x_wconf 63' lang='lat' dir='ltr'><strong>tii</strong></span> <span class='ocrx_word' id='word_1_242' title='bbox 167 3719 259 3785; x_wconf 64' lang='lat' dir='ltr'><strong>mdrd</strong></span> <span class='ocrx_word' id='word_1_243' title='bbox 278 3719 365 3804; x_wconf 72' lang='lat' dir='ltr'><strong>mdht&#39;,</strong></span> <span class='ocrx_word' id='word_1_244' title='bbox 387 3722 409 3784; x_wconf 81' lang='lat' dir='ltr'><strong>i.</strong></span> <span class='ocrx_word' id='word_1_245' title='bbox 432 3741 458 3785; x_wconf 87' lang='grc' dir='ltr'><strong>θ.</strong></span> <span class='ocrx_word' id='word_1_246' title='bbox 480 3749 511 3783; x_wconf 86' lang='grc' dir='ltr'><strong>.ι.</strong></span> <span class='ocrx_word' id='word_1_247' title='bbox 535 3719 539 3805; x_wconf 65' lang='lat' dir='ltr'><strong>l</strong></span> <span class='ocrx_word' id='word_1_248' title='bbox 563 3749 614 3784; x_wconf 70' lang='lat' dir='ltr'><strong>vr.</strong></span> <span class='ocrx_word' id='word_1_249' title='bbox 637 3719 640 3807; x_wconf 64' lang='lat' dir='ltr'><strong>l</strong></span> <span class='ocrx_word' id='word_1_250' title='bbox 665 3751 714 3782; x_wconf 67' lang='lat' dir='ltr'><strong>us.</strong></span> <span class='ocrx_word' id='word_1_251' title='bbox 736 3719 763 3806; x_wconf 69' lang='lat' dir='ltr'><strong>ss,</strong></span> <span class='ocrx_word' id='word_1_252' title='bbox 792 3719 856 3786; x_wconf 75' lang='lat' dir='ltr'><strong>alio</strong></span> <span class='ocrx_word' id='word_1_253' title='bbox 883 3719 979 3785; x_wconf 79' lang='lat' dir='ltr'><strong>mOdo</strong></span> <span class='ocrx_word' id='word_1_254' title='bbox 1005 3739 1131 3786; x_wconf 77' lang='lat' dir='ltr'><strong>necesse</strong></span> <span class='ocrx_word' id='word_1_255' title='bbox 1157 3727 1208 3787; x_wconf 73' lang='lat' dir='ltr'><strong>esi</strong></span> <span class='ocrx_word' id='word_1_256' title='bbox 1228 3721 1277 3786; x_wconf 81' lang='lat' dir='ltr'><strong>di·</strong></span> 
     </span>
     <span class='ocr_line' id='line_1_33' title="bbox 101 3822 1277 3910; baseline 0.002 -22"><span class='ocrx_word' id='word_1_257' title='bbox 101 3823 223 3888; x_wconf 86' lang='lat' dir='ltr'><strong>metiri:</strong></span> <span class='ocrx_word' id='word_1_258' title='bbox 246 3824 287 3888; x_wconf 80' lang='lat' dir='ltr'><strong>eit</strong></span> <span class='ocrx_word' id='word_1_259' title='bbox 310 3825 401 3888; x_wconf 82' lang='lat' dir='ltr'><strong>mdra</strong></span> <span class='ocrx_word' id='word_1_260' title='bbox 422 3822 499 3888; x_wconf 76' lang='lat' dir='ltr'><strong>mibi</strong></span> <span class='ocrx_word' id='word_1_261' title='bbox 521 3826 570 3905; x_wconf 86' lang='lat'><strong>(=</strong></span> <span class='ocrx_word' id='word_1_262' title='bbox 596 3851 665 3888; x_wconf 68' lang='lat' dir='ltr'><strong>,oo</strong></span> <span class='ocrx_word' id='word_1_263' title='bbox 683 3823 686 3910; x_wconf 74' lang='lat' dir='ltr'><strong>l</strong></span> <span class='ocrx_word' id='word_1_264' title='bbox 704 3823 780 3909; x_wconf 57' lang='lat' dir='ltr'><strong>aa),</strong></span> <span class='ocrx_word' id='word_1_265' title='bbox 800 3829 907 3905; x_wconf 89' lang='lat' dir='ltr'><strong>atque,</strong></span> <span class='ocrx_word' id='word_1_266' title='bbox 921 3842 963 3887; x_wconf 87' lang='lat' dir='ltr'><strong>ne</strong></span> <span class='ocrx_word' id='word_1_267' title='bbox 976 3824 1079 3888; x_wconf 77' lang='lat' dir='ltr'><strong>versui</strong></span> <span class='ocrx_word' id='word_1_268' title='bbox 1099 3824 1177 3889; x_wconf 87' lang='lat' dir='ltr'><strong>insit</strong></span> <span class='ocrx_word' id='word_1_269' title='bbox 1197 3823 1277 3890; x_wconf 83' lang='lat' dir='ltr'><strong>alte·</strong></span> 
     </span>
     <span class='ocr_line' id='line_1_34' title="bbox 102 3925 1243 4012; baseline 0 -20"><span class='ocrx_word' id='word_1_270' title='bbox 102 3947 173 3992; x_wconf 89' lang='lat' dir='ltr'><strong>rum</strong></span> <span class='ocrx_word' id='word_1_271' title='bbox 196 3925 343 3992; x_wconf 89' lang='lat' dir='ltr'><strong>mendum</strong></span> <span class='ocrx_word' id='word_1_272' title='bbox 366 3926 541 4007; x_wconf 85' lang='lat' dir='ltr'><strong>metricum,</strong></span> <span class='ocrx_word' id='word_1_273' title='bbox 564 3933 636 4011; x_wconf 88' lang='lat' dir='ltr'><strong>post</strong></span> <span class='ocrx_word' id='word_1_274' title='bbox 657 3927 787 3992; x_wconf 86' lang='lat' dir='ltr'><strong>verbum</strong></span> <span class='ocrx_word' id='word_1_275' title='bbox 809 3945 881 3990; x_wconf 78' lang='lat' dir='ltr'><strong>cour</strong></span> <span class='ocrx_word' id='word_1_276' title='bbox 902 3926 1038 4010; x_wconf 88' lang='lat' dir='ltr'><strong>probare</strong></span> <span class='ocrx_word' id='word_1_277' title='bbox 1059 3926 1181 3993; x_wconf 88' lang='lat' dir='ltr'><strong>hiatum</strong></span> <span class='ocrx_word' id='word_1_278' title='bbox 1196 3930 1243 4012; x_wconf 58' lang='grc' dir='ltr'><strong>ηε</strong></span> 
     </span>
    </p>
   </div>
   <div class='ocr_carea' id='block_1_7' title="bbox 192 4137 1277 4296">
    <p class='ocr_par' dir='ltr' id='par_1_7' title="bbox 192 4137 1277 4296">
     <span class='ocr_line' id='line_1_35' title="bbox 195 4137 975 4210; baseline -0.001 -19"><span class='ocrx_word' id='word_1_279' title='bbox 195 4137 219 4209; x_wconf 81' lang='lat'><strong>1)</strong></span> <span class='ocrx_word' id='word_1_280' title='bbox 237 4137 382 4207; x_wconf 80' lang='lat' dir='ltr'><strong>Exceptus</strong></span> <span class='ocrx_word' id='word_1_281' title='bbox 401 4143 444 4194; x_wconf 88' lang='lat' dir='ltr'><strong>est</strong></span> <span class='ocrx_word' id='word_1_282' title='bbox 462 4139 569 4210; x_wconf 86' lang='lat' dir='ltr'><strong>primus</strong></span> <span class='ocrx_word' id='word_1_283' title='bbox 588 4155 638 4208; x_wconf 89' lang='lat' dir='ltr'><strong>pes</strong></span> <span class='ocrx_word' id='word_1_284' title='bbox 656 4137 795 4194; x_wconf 86' lang='lat' dir='ltr'><strong>trochaici</strong></span> <span class='ocrx_word' id='word_1_285' title='bbox 814 4137 975 4208; x_wconf 86' lang='lat' dir='ltr'><strong>septenarii.</strong></span> 
     </span>
     <span class='ocr_line' id='line_1_36' title="bbox 192 4223 1277 4296; baseline 0.001 -14"><span class='ocrx_word' id='word_1_286' title='bbox 192 4227 222 4294; x_wconf 76' lang='lat'><strong>2)</strong></span> <span class='ocrx_word' id='word_1_287' title='bbox 240 4227 273 4280; x_wconf 93' lang='lat' dir='ltr'><strong>Iu</strong></span> <span class='ocrx_word' id='word_1_288' title='bbox 297 4226 426 4282; x_wconf 83' lang='lat' dir='ltr'><strong>Guilelmi</strong></span> <span class='ocrx_word' id='word_1_289' title='bbox 452 4226 627 4284; x_wconf 79' lang='lat' dir='ltr'><strong>Studemund</strong></span> <span class='ocrx_word' id='word_1_290' title='bbox 653 4225 765 4295; x_wconf 88' lang='lat' dir='ltr'><strong>studiis,</strong></span> <span class='ocrx_word' id='word_1_291' title='bbox 790 4226 811 4294; x_wconf 90' lang='grc' dir='ltr'><strong>Ι,</strong></span> <span class='ocrx_word' id='word_1_292' title='bbox 842 4229 855 4279; x_wconf 93' lang='lat' dir='ltr'><strong>l</strong></span> <span class='ocrx_word' id='word_1_293' title='bbox 876 4243 937 4295; x_wconf 89' lang='lat' dir='ltr'><strong>sqq.</strong></span> <span class='ocrx_word' id='word_1_294' title='bbox 960 4253 994 4265; x_wconf 88' lang='lat'>-</span> <span class='ocrx_word' id='word_1_295' title='bbox 1022 4223 1059 4280; x_wconf 88' lang='lat' dir='ltr'><strong>cl.</strong></span> <span class='ocrx_word' id='word_1_296' title='bbox 1082 4226 1191 4296; x_wconf 84' lang='lat' dir='ltr'><strong>Meyer,</strong></span> <span class='ocrx_word' id='word_1_297' title='bbox 1214 4228 1233 4283; x_wconf 92' lang='lat' dir='ltr'><strong>l.</strong></span> <span class='ocrx_word' id='word_1_298' title='bbox 1252 4245 1277 4283; x_wconf 85' lang='lat' dir='ltr'><strong>c.</strong></span> 
     </span>
    </p>
   </div>
   <div class='ocr_carea' id='block_1_8' title="bbox 102 4316 1277 4474">
    <p class='ocr_par' dir='ltr' id='par_1_8' title="bbox 102 4316 1277 4474">
     <span class='ocr_line' id='line_1_37' title="bbox 102 4316 1277 4474; baseline 0 -16"><span class='ocrx_word' id='word_1_299' title='bbox 102 4332 170 4387; x_wconf 33' lang='lat' dir='ltr'><strong>m-</strong></span> <span class='ocrx_word' id='word_1_300' title='bbox 189 4316 383 4471; x_wconf 61' lang='lat' dir='ltr'><strong>diiudicatum</strong></span> <span class='ocrx_word' id='word_1_301' title='bbox 402 4404 603 4474; x_wconf 84' lang='lat' dir='ltr'><strong>exemplorum,</strong></span> <span class='ocrx_word' id='word_1_302' title='bbox 626 4419 698 4472; x_wconf 87' lang='lat' dir='ltr'><strong>qnae</strong></span> <span class='ocrx_word' id='word_1_303' title='bbox 716 4399 810 4458; x_wconf 83' lang='lat' dir='ltr'><strong>Luchs</strong></span> <span class='ocrx_word' id='word_1_304' title='bbox 828 4399 911 4457; x_wconf 79' lang='lat' dir='ltr'><strong>affert</strong></span> <span class='ocrx_word' id='word_1_305' title='bbox 930 4417 965 4455; x_wconf 79' lang='lat' dir='ltr'><strong>ex</strong></span> <span class='ocrx_word' id='word_1_306' title='bbox 982 4400 1120 4468; x_wconf 82' lang='lat' dir='ltr'><strong>Phaedro,</strong></span> <span class='ocrx_word' id='word_1_307' title='bbox 1145 4404 1277 4459; x_wconf 85' lang='lat' dir='ltr'><strong>substitui</strong></span> 
     </span>
    </p>
   </div>
   <div class='ocr_carea' id='block_1_9' title="bbox 103 4490 1112 4652">
    <p class='ocr_par' dir='ltr' id='par_1_9' title="bbox 103 4490 1112 4652">
     <span class='ocr_line' id='line_1_38' title="bbox 103 4490 1112 4563; baseline -0.004 -14"><span class='ocrx_word' id='word_1_308' title='bbox 103 4494 244 4549; x_wconf 86' lang='lat' dir='ltr'><strong>Plautina.</strong></span> <span class='ocrx_word' id='word_1_309' title='bbox 374 4491 402 4561; x_wconf 81' lang='lat'><strong>4)</strong></span> <span class='ocrx_word' id='word_1_310' title='bbox 420 4491 520 4561; x_wconf 83' lang='lat' dir='ltr'><strong>Luchs,</strong></span> <span class='ocrx_word' id='word_1_311' title='bbox 539 4491 557 4545; x_wconf 90' lang='lat' dir='ltr'><strong>l.</strong></span> <span class='ocrx_word' id='word_1_312' title='bbox 576 4509 600 4546; x_wconf 84' lang='lat' dir='ltr'><strong>e.</strong></span> <span class='ocrx_word' id='word_1_313' title='bbox 618 4509 683 4563; x_wconf 82' lang='lat' dir='ltr'><strong>pag.</strong></span> <span class='ocrx_word' id='word_1_314' title='bbox 702 4493 727 4547; x_wconf 80' lang='lat' dir='ltr'><strong>b.</strong></span> <span class='ocrx_word' id='word_1_315' title='bbox 859 4492 888 4560; x_wconf 80' lang='grc'><strong>5)</strong></span> <span class='ocrx_word' id='word_1_316' title='bbox 905 4490 923 4544; x_wconf 97' lang='lat' dir='ltr'><strong>l.</strong></span> <span class='ocrx_word' id='word_1_317' title='bbox 942 4506 966 4543; x_wconf 82' lang='lat' dir='ltr'><strong>c</strong></span> <span class='ocrx_word' id='word_1_318' title='bbox 985 4506 1050 4560; x_wconf 80' lang='lat' dir='ltr'><strong>pag.</strong></span> <span class='ocrx_word' id='word_1_319' title='bbox 1071 4493 1112 4545; x_wconf 79' lang='lat'><strong>18.</strong></span> 
     </span>
     <span class='ocr_line' id='line_1_39' title="bbox 194 4577 917 4652; baseline -0.003 -18"><span class='ocrx_word' id='word_1_320' title='bbox 194 4581 221 4651; x_wconf 86' lang='grc'><strong>6)</strong></span> <span class='ocrx_word' id='word_1_321' title='bbox 241 4582 259 4635; x_wconf 95' lang='lat' dir='ltr'><strong>l.</strong></span> <span class='ocrx_word' id='word_1_322' title='bbox 278 4598 301 4634; x_wconf 86' lang='lat' dir='ltr'><strong>c.</strong></span> <span class='ocrx_word' id='word_1_323' title='bbox 321 4596 385 4648; x_wconf 75' lang='lat' dir='ltr'><strong>pag.</strong></span> <span class='ocrx_word' id='word_1_324' title='bbox 407 4582 448 4634; x_wconf 85' lang='lat'><strong>14.</strong></span> <span class='ocrx_word' id='word_1_325' title='bbox 577 4582 604 4652; x_wconf 88' lang='grc'><strong>7)</strong></span> <span class='ocrx_word' id='word_1_326' title='bbox 622 4598 705 4650; x_wconf 86' lang='lat' dir='ltr'><strong>quem</strong></span> <span class='ocrx_word' id='word_1_327' title='bbox 723 4581 832 4652; x_wconf 86' lang='lat' dir='ltr'><strong>recepit</strong></span> <span class='ocrx_word' id='word_1_328' title='bbox 850 4577 917 4634; x_wconf 78' lang='lat' dir='ltr'><strong>Leo.</strong></span> 
     </span>
    </p>
   </div>
   <div class='ocr_carea' id='block_1_10' title="bbox 1014 4683 1049 4737">
    <p class='ocr_par' dir='ltr' id='par_1_10' title="bbox 1014 4683 1049 4737">
     <span class='ocr_line' id='line_1_40' title="bbox 1014 4683 1049 4737; baseline 0 -21"><span class='ocrx_word' id='word_1_329' title='bbox 1014 4683 1049 4737; x_wconf 65' lang='lat'><strong>1*</strong></span> 
     </span>
    </p>
   </div>
   <div class='ocr_carea' id='block_1_11' title="bbox 0 0 1644 5184">
    <p class='ocr_par' dir='ltr' id='par_1_11' title="bbox 0 0 1644 5184">
     <span class='ocr_line' id='line_1_41' title="bbox 0 0 1644 5184; baseline 0 0"><span class='ocrx_word' id='word_1_330' title='bbox 0 0 1644 5184; x_wconf 95' lang='lat' dir='ltr'><strong> </strong></span> 
     </span>
    </p>
   </div>
  </div>
 </body>
</html>
