3267 5184
252 314 297 377 De
320 315 479 379 vocalibus
503 315 663 397 productis
689 316 818 381 Latinas
841 337 932 381 voces
956 317 1206 380 terminantibus.
1270 319 1310 382 21

139 508 253 568 contra
274 523 331 584 per
353 523 373 568 a
394 503 599 587 productam:

137 622 215 688 Hor.
239 643 334 688 carm.
358 623 396 687 ll.
420 624 450 700 4,
473 625 512 688 2:
534 625 678 690 Xanthia
700 624 836 691 Phoceu.
883 623 974 688 Prius
991 624 1193 689 insolentem.

138 726 234 810 Verg.
251 729 325 792 Aen.
343 727 382 792 X.
398 728 474 792 229:
923 725 1085 809 vigilasne,
1109 728 1202 792 deum
1224 749 1311 810 gena,

501 831 625 895 Aenea?
651 830 752 914 Vigila
776 836 807 894 et
829 828 904 894 velis
926 828 1051 894 inmitte
1073 830 1225 895 rudentis.

225 934 307 1011 Quid
331 933 395 998 veri
417 938 466 996 est
488 933 620 998 similius
643 955 740 1016 quam
761 933 909 998 Plautum
931 952 1058 1014 quoque
1080 940 1112 998 et
1130 933 1311 999 Terentium

137 1043 171 1101 et
192 1037 365 1102 servavisse
387 1057 408 1099 a
430 1035 571 1100 litteram
604 1037 808 1119 productam,
842 1043 876 1099 ut
907 1042 956 1100 est
981 1039 1068 1118 apud
1096 1036 1249 1114 Graecos,
1280 1043 1312 1100 et

137 1139 312 1206 secundum
327 1139 487 1205 Romanos
510 1159 584 1203 usos
607 1157 674 1203 esse
696 1160 715 1202 o
739 1138 836 1213 brevi,
860 1159 943 1221 quae
965 1139 1083 1222 duplex
1105 1137 1310 1214 consuetudo,

136 1264 209 1308 cum
242 1243 343 1307 torma
379 1241 502 1306 Graeca
531 1250 564 1306 et
594 1241 707 1306 Latina
733 1249 837 1306 essent
865 1242 1057 1319 simillimae,
1084 1241 1179 1307 facile
1208 1242 1311 1325 potuit

135 1365 171 1410 se
194 1345 375 1410 insinuare?
419 1343 524 1426 Atque
540 1343 621 1408 forte
636 1344 764 1421 accidit,
788 1351 826 1408 ut
847 1344 932 1425 apud
950 1343 1100 1410 Plautum
1122 1366 1198 1409 uno
1219 1343 1310 1408 loco

134 1449 272 1532 perspici
296 1447 406 1531 possit,
430 1467 494 1530 qua
516 1446 699 1529 quantitate
721 1448 764 1512 sit
786 1447 912 1531 syllaba
932 1446 1036 1513 finalis
1058 1448 1212 1513 vocativi:

134 1552 223 1617 Asin.
239 1552 316 1616 740:
340 1551 490 1628 Laenide,
507 1571 606 1628 curre,
630 1548 770 1629 ebseore,
793 1556 919 1634 patrem
942 1549 1005 1616 lnic
1027 1554 1117 1616 ortto
1132 1558 1171 1616 ut
1192 1549 1309 1628 veniat,

133 1657 155 1719 i.
171 1677 196 1721 e.
220 1643 391 1720 secundum
409 1655 546 1720 Graecos
562 1654 603 1733 1);
626 1653 736 1718 eadem
757 1654 882 1718 ratione
905 1654 1071 1720 Terentius
1093 1653 1308 1719 Hecataeo:

264 1775 364 1854 Salve,
388 1777 493 1840 enimc
515 1779 568 1839 mi.
585 1774 639 1851 nO
662 1776 705 1840 mi
729 1773 841 1852 Clinia,
867 1775 960 1840 salve.
978 1775 990 1859 ss
1007 1774 1051 1840 Vt
1072 1777 1182 1841 vales?

135 1897 253 1962 Verum
277 1898 342 1962 sive
364 1897 468 1962 brevis
491 1897 555 1962 sive
578 1897 779 1980 productae
802 1897 912 1962 littera
934 1917 1002 1962 esse
1024 1905 1146 1981 potest:

133 2018 233 2083 Andr.
266 2019 342 2082 301:
376 2016 459 2094 Quid
491 2018 556 2093 ais,
593 2016 728 2100 Byrrie‘?
766 2017 903 2082 daturne
932 2015 989 2081 illa
1022 2017 1189 2101 Pemphilo
1217 2015 1310 2081 hedie

973 2121 1130 2203 neptum?
1147 2128 1158 2198 Ι
1175 2119 1228 2186 Sic
1250 2127 1309 2196 est,

132 2223 213 2288 Eun.
236 2224 314 2289 558:
348 2221 504 2301 Chaeree,
538 2223 615 2304 qurd
651 2230 700 2288 est
731 2223 817 2305 qued
844 2224 890 2288 sic
917 2223 1041 2306 gestis?
1075 2223 1153 2306 quid
1176 2223 1237 2288 sibi
1258 2223 1311 2288 hic

951 2329 1086 2393 vestitus
1110 2315 1263 2408 quaerit?
1282 2329 1309 2409 θ)

135 2430 366 2496 Phorm154:
396 2429 564 2506 Phaedriri,
593 2436 719 2512 patrem
748 2438 787 2494 ut
813 2429 1034 2509 extimescam,
1063 2431 1117 2496 ubi
1146 2430 1254 2496 veniat
1275 2431 1309 2494 in

865 2540 1004 2598 mentem
1026 2537 1094 2599 eius
1117 2525 1262 2599 adventi!
1282 2534 1308 2617 ³)

228 2797 259 2858 3.
304 2794 741 2859 Nomtnotiouo-occoaotivns
757 2795 897 2878 pluralia
918 2795 1061 2859 neutrius
1078 2798 1209 2878 penaria.

219 2951 687 3017 Nominatum-accusativum
710 2951 791 3034 plur.
815 2958 917 3017 neutr.
931 2972 1001 3034 gen.
1023 2952 1099 3015 olim
1122 2952 1252 3017 desiisse
1274 2953 1307 3016 in

133 3077 152 3119 o
176 3056 318 3120 litteram
339 3055 529 3137 productam
553 3075 616 3118 non
633 3054 736 3119 solum
759 3055 876 3118 docent
898 3054 1024 3136 linguae
1047 3062 1200 3137 cognatae
1222 3055 1309 3120 velut

133 3159 210 3224 Ved.
231 3159 328 3242 yupd,
362 3157 434 3222 (iot.
451 3157 543 3241 juka,
571 3157 680 3222 sedin
709 3156 821 3240 lingua
847 3157 963 3222 Latina
984 3159 1054 3240 ipsa
1077 3159 1253 3223 numeralia
1274 3143 1307 3222 in

133 3263 249 3346 -9intu,
271 3281 354 3343 quae
376 3261 809 3327 nominativos-accusativos
833 3260 915 3345 plur.
930 3268 1032 3326 neutr.
1047 3282 1117 3343 gen.
1140 3281 1208 3325 cese
1229 3263 1308 3326 satis

133 3371 269 3443 constat,
293 3385 416 3447 semper
438 3386 459 3427 a
480 3365 621 3429 litteram
644 3372 849 3430 servaverunt
871 3364 1069 3448 productam,
1102 3386 1183 3440 cum,
1213 3372 1306 3431 ante-

133 3489 227 3552 quam
251 3489 359 3534 eorum
382 3489 402 3532 o
425 3477 574 3551 correpta
596 3475 654 3545 est,
687 3468 896 3550 obriguerint.
939 3467 1032 3533 Hanc
1053 3475 1161 3533 autem
1183 3489 1307 3551 correp-

132 3574 251 3636 tionem
277 3571 338 3634 iam
369 3577 475 3636 aetate
497 3570 602 3634 Plauti
626 3569 743 3637 factam
771 3591 840 3636 esse
872 3591 909 3635 eo
942 3571 1013 3654 ipso
1042 3577 1186 3654 apparet,
1222 3569 1308 3654 quod

132 3694 227 3756 saepe
253 3695 274 3738 o
300 3674 573 3737 nominativi-acc.
603 3673 684 3756 plur.
715 3680 816 3738 neutr.
845 3695 915 3756 gen.
945 3674 1105 3738 invenitur
1133 3676 1164 3737 in
1193 3673 1307 3740 ultima

133 3777 218 3842 thesi
240 3774 368 3842 iambici
391 3777 506 3840 senarii
530 3783 563 3839 et
584 3776 740 3841 trochaici
763 3778 936 3860 septenarii
959 3776 1058 3842 velut:

177 3897 272 3962 Most.
295 3898 350 3961 49:
377 3896 422 3961 Tu
444 3896 639 3974 tertunetus,
663 3896 721 3979 ego
744 3896 849 3973 miser,
872 3898 1029 3980 patiunda
1051 3906 1136 3964 suut.

176 4000 269 4067 Most.
293 4002 372 4086 417¹:
396 3998 543 4065 Profecto
565 4006 602 4064 ut
624 3998 770 4081 liqueant
791 4000 897 4065 emnia
920 3999 953 4065 et
975 4001 1152 4084 tranqussla
1174 4001 1249 4066 sint.

222 4195 247 4262 1)
267 4193 330 4247 Non
349 4195 408 4247 inre
426 4195 513 4263 igitur
532 4193 694 4262 transponit
713 4191 840 4260 Mueller,
859 4194 877 4246 l.
898 4211 922 4249 c.
942 4212 1007 4264 pag.
1026 4196 1059 4249 9:
1084 4212 1172 4263 corre,
1191 4195 1308 4258 dboacrn‘,

131 4282 253 4439 Lami}
268 4323 497 4440 Auteposuerim:
527 4371 650 4438 ίἿιαόνοᾶ,
675 4370 740 4441 quid
757 4375 795 4424 eat
813 4370 884 4440 qood
904 4371 942 4424 aie
962 4410 1066 4440 ......
1092 4389 1128 4425 ne
1152 4373 1245 4426 thesin
1264 4389 1307 4427 so·

131 4462 220 4519 lutam
238 4460 426 4528 interrumpet
445 4460 552 4529 syllaba
569 4459 660 4514 finalis
678 4458 819 4528 (Obae'rao,
838 4459 902 4530 quid
917 4461 922 4530 Ι
937 4465 974 4513 tot
991 4461 1067 4531 qued.
1091 4501 1096 4512 .
1113 4499 1119 4512 .
1135 4501 1141 4514 .
1156 4463 1183 4528 .).

222 4551 248 4620 3)
266 4548 423 4620 Praepouo:
443 4548 586 4620 Phaedrae,
602 4553 707 4622 petrori
724 4554 755 4604 ot
772 4549 942 4605 armenam
961 4590 967 4604 .
983 4589 989 4604 .
1003 4588 1011 4603 .
1024 4589 1046 4617 .,
1066 4548 1101 4605 of.
1120 4549 1217 4606 adnot.
1235 4552 1271 4621 2).
