3267 5184
348 272 368 335 e
556 243 557 246 ‘
764 269 920 353 aaran
942 267 1099 351 waning

391 456 472 522 Men.
494 455 575 524 921:
597 455 738 523 Potionis
760 456 882 540 aliquid
904 458 992 541 prius
1014 477 1110 540 quam
1132 457 1273 542 percipit
1293 457 1420 524 insania
1434 459 1471 542 1).

392 561 489 626 llere.
513 561 591 628 920:
614 559 769 627 Omnibus
790 561 843 627 hic
865 559 1049 627 hidificatur
1069 560 1122 626 me
1144 560 1257 628 modis.
1281 559 1362 645 -Egc
1384 560 1531 628 stultior.

433 679 542 764 Neque
568 689 675 748 murco
704 681 781 747 mihi
809 682 978 765 quisquam
1008 681 1159 766 probabit
1185 681 1333 748 Plautum
1361 682 1465 766 ipsum
1489 689 1533 747 ut

347 786 380 850 in
402 784 452 851 his
474 784 614 850 versibus
636 785 684 851 ita
711 785 744 850 in
773 783 847 850 aliis
868 783 1043 871 dactylicus
1065 785 1208 868 posuisse
1229 784 1349 852 formas
1370 805 1430 869 pro
1452 805 1532 850 cre-

348 889 431 954 ticis.
476 888 638 966 Quaenam
665 908 762 955 causa
784 887 855 966 fuit,
878 908 943 971 qua
962 887 1024 954 hoc
1044 895 1081 953 ut
1102 887 1230 967 sacerd,
1252 893 1532 954 commoveretur?

351 993 401 1058 An
423 993 540 1058 costus
562 991 760 1078 temporibus
782 990 936 1077 philologi
958 991 1017 1057 hos
1038 1012 1146 1058 versus
1168 990 1263 1058 facile
1282 992 1430 1076 supplere
1451 1013 1533 1076 pos-

349 1101 432 1173 sunt,
461 1093 594 1160 Plautus
622 1096 689 1178 ipse
721 1115 785 1160 non
814 1095 939 1179 potuit?
992 1095 1092 1160 lmmo
1127 1096 1267 1180 corrupti
1301 1101 1375 1160 sunt
1406 1115 1532 1173 versus,

346 1219 451 1281 ‘neque
473 1196 631 1281 explicare
653 1195 782 1263 difficile
803 1204 861 1279 ast,
882 1199 938 1281 qui
960 1197 1080 1264 iactum
1103 1199 1152 1274 sit,
1175 1203 1212 1262 nt
1232 1197 1388 1264 vocabula
1411 1197 1532 1284 dacty-

349 1303 411 1368 lica
433 1321 535 1384 eaque
556 1300 728 1384 praecipue
749 1301 781 1365 in
805 1302 900 1366 tertio
921 1307 953 1367 et
973 1310 1089 1385 quarto
1110 1300 1190 1386 pede
1207 1294 1337 1368 iambici
1359 1303 1477 1367 senarii
1493 1309 1534 1367 et

349 1405 383 1470 in
405 1404 516 1486 quinto
539 1409 571 1470 et
593 1410 683 1470 sexto
704 1403 859 1470 trochaici
876 1405 1049 1488 septenarii
1070 1406 1279 1488 reperiantur.
1318 1389 1530 1488 Dipodiarum

351 1508 434 1574 cuim
455 1507 506 1573 lex
528 1506 614 1589 lacit,
635 1512 680 1583 ut,
703 1507 732 1572 si
753 1507 858 1590 prima
878 1505 1002 1592 syllaba
1015 1506 1139 1572 solutae
1160 1514 1296 1590 quartae
1318 1527 1427 1573 macas
1447 1508 1532 1573 iam-

350 1610 414 1676 bici
441 1609 557 1675 senarii
584 1608 631 1674 vel
659 1614 767 1675 sextae
793 1609 949 1676 trochaici
979 1610 1155 1694 septenarii
1184 1616 1233 1675 cst
1257 1609 1382 1696 syllaba
1409 1609 1530 1690 finalis,

350 1735 432 1797 quae
454 1711 614 1780 anoecmit
635 1711 761 1778 theseos
782 1711 917 1798 syllaba,
940 1734 1010 1778 earn
1033 1712 1161 1779 brevem
1176 1735 1244 1780 esse
1265 1721 1422 1798 oporteat,
1444 1714 1476 1780 h.
1501 1737 1532 1780 c.

350 1817 445 1882 tertia
465 1816 546 1881 areis
567 1814 695 1881 iambici
716 1815 833 1881 senarii
853 1815 904 1880 vel
925 1816 1040 1898 quinta
1061 1817 1216 1882 trochaici
1237 1817 1410 1902 septenarii
1431 1837 1532 1901 saepe

351 1939 418 2000 una
438 1940 510 1984 cum
533 1924 682 2000 sequente
704 1917 785 1983 thesi
816 1924 848 1983 et
869 1917 972 2002 prima
993 1918 1118 2004 syllaba
1143 1919 1267 1986 solutae
1287 1941 1397 1986 assem
1418 1924 1531 2004 (quar-

351 2047 404 2140 tae
426 2072 476 2138 vel
497 2077 617 2155 sextae)
640 2043 739 2138 efficit
759 2021 929 2158 dactyluuh
943 2022 1036 2156 (vhb'c
1051 2023 1200 2162 4’ψ’[ἶῧὴ.
1244 2075 1347 2158 Atque
1368 2076 1394 2139 si
1415 2078 1532 2159 quovis

353 2176 448 2244 modo
469 2175 672 2253 vocabulum,
702 2175 787 2259 qnod
817 2174 953 2243 alteram
978 2177 1100 2244 solutae
1122 2198 1230 2244 arseos
1252 2176 1409 2247 efficiebat
1431 2179 1532 2264 sylla·

352 2279 435 2357 bam,
458 2278 582 2346 deletur
603 2279 799 2364 corruptela,
831 2278 990 2366 dactylica
1018 2280 1122 2346 iorma
1148 2283 1286 2349 creticm
1312 2282 1380 2349 vice
1402 2281 1531 2348 videtur

352 2383 451 2466 iungi.
502 2382 702 2449 Emendandi
732 2390 807 2448 sunt
837 2383 935 2466 igitur
966 2404 1075 2449 versus
1107 2383 1199 2468 Gapt
1232 2388 1279 2450 11,
1332 2384 1423 2451 Gurc.
1453 2385 1529 2451 438.

352 2486 437 2552 Men.
459 2487 531 2552 327.
554 2487 626 2551 506.
648 2486 721 2551 eal.
765 2486 862 2552 Merc.
886 2487 963 2565 920,
992 2486 1180 2578 emendandi
1201 2487 1293 2572 Epid.
1315 2488 1387 2554 498.
1430 2487 1528 2553 Poen.

353 2591 403 2656 85.
428 2590 524 2666 1052,
552 2588 586 2653 in
613 2587 730 2673 quibus
758 2588 883 2674 syllaba
904 2588 1009 2655 Plauti
1038 2596 1143 2656 aetate
1166 2591 1234 2657 sine
1256 2589 1353 2657 dubio
1376 2597 1530 2675 correpta

352 2692 449 2778 longa
470 2691 689 2771 videturesse,
712 2713 783 2758 cum
806 2693 859 2758 vix
880 2693 961 2757 serio
983 2713 1021 2758 ea
1035 2713 1070 2758 re
1085 2694 1196 2771 nitere,
1219 2693 1304 2776 quod
1323 2701 1374 2761 ter
1395 2713 1531 2778 corrup·

353 2794 418 2860 tela
440 2795 612 2860 insinuavit
634 2815 688 2860 cos
716 2796 749 2860 iu
777 2815 900 2872 versus,
930 2796 986 2878 qui
1007 2797 1236 2862 nominativum
1265 2817 1310 2880 sg.
1332 2799 1455 2880 primae
1477 2799 1530 2862 dc-

353 2898 534 2964 clinaticnis
557 2899 730 2974 continent,
755 2897 888 2982 singulis
902 2903 1007 2964 autem
1025 2899 1104 2965 locis
1118 2900 1257 2966 formae:
1279 2901 1420 2984 ultimus,
1444 2902 1530 2965 oeni·

355 3021 433 3080 mus,
456 3001 589 3088 loupiac,
603 3002 749 3086 sinciput,
765 3001 912 3087 percipit,
928 3000 1069 3067 omnibus
1090 3003 1225 3069 creticae
1240 3002 1387 3069 videntur
1408 3023 1477 3068 esse
1489 3007 1528 3089 ³).

354 3104 566 3187 Quamquam,
595 3110 755 3188 utsupra
785 3105 861 3183 dixi,
892 3107 925 3169 in
957 3104 1006 3170 his
1035 3105 1180 3172 omnibus
1209 3104 1352 3172 versibus
1381 3106 1529 3172 emcnda-

353 3209 454 3275 tiones
480 3208 624 3292 proferre
655 3229 718 3275 non
750 3207 879 3274 difficile
909 3215 956 3274 cst
994 3209 1178 3274 verisimiles
1208 3217 1267 3276 aut
1299 3209 1479 3294 probabiles
1489 3212 1530 3294 ⁴),

353 3321 461 3380 mmen
484 3333 551 3389 eas,
586 3333 667 3394 quae
696 3332 796 3395 usque
825 3310 866 3377 ad
898 3310 933 3377 id
964 3313 1116 3397 temporis
1143 3320 1217 3379 sunt
1245 3313 1403 3397 prolatae,
1437 3313 1530 3380 valde

356 3417 467 3483 dubito
489 3415 687 3500 acciperes).

1378 3561 1529 3572 -.—-.-—

442 3629 467 3696 1)
486 3625 615 3695 Skutsch,
636 3625 739 3682 wclffl.
759 3625 856 3680 archiv
874 3625 935 3691 XII,
951 3627 1005 3681 212
1024 3625 1170 3681 contendit
1187 3627 1217 3681 in
1235 3627 1289 3682 hoc
1309 3644 1391 3682 versu
1410 3628 1529 3684 icrmam

349 3715 469 3788 percipit
486 3716 638 3770 servavisse
656 3715 784 3770 ultimam
802 3712 986 3784 productam
1006 3730 1072 3768 num
1091 3713 1188 3770 recte?
1288 3799 1291 3804 1

444 3825 473 3888 2)
492 3821 543 3876 Vel
562 3838 637 3878 raro:
658 3849 701 3884 a„
715 3856 734 3886 o
747 3822 824 3908 ψ[υ],
867 3819 909 3875 cf.
927 3837 991 3891 pag.
1010 3822 1053 3876 28.

442 3931 469 3996 3)
486 3928 566 3984 Hanc
583 3926 866 3998 argumentationem,
885 3931 917 3982 ut
935 3927 976 3981 ita
995 3925 1096 3996 dicaam
1114 3926 1317 3996 praeiudicium
1331 3945 1392 3983 esse
1410 3946 1467 3984 non
1485 3947 1528 3984 ms

355 4019 460 4089 effugit.
498 4017 554 4074 Sed
572 4016 727 4072 accuratius
745 4031 802 4069 non
822 4016 898 4085 prim
917 4014 1041 4070 iudicare
1059 4033 1206 4085 possumus
1225 4033 1310 4086 quam
1329 4016 1364 4072 de
1383 4017 1528 4086 dactylicis

354 4105 429 4178 apud
446 4107 576 4162 Plautum
596 4104 693 4160 formis
712 4105 871 4160 necessaria
887 4104 1021 4159 instituta
1041 4108 1084 4159 est
1101 4105 1239 4174 quaestio.

443 4213 470 4283 4)
488 4212 572 4283 Epid.
600 4213 653 4266 498
680 4212 841 4281 transponit
868 4210 1032 4266 Fleckeisen
1059 4209 1272 4281 quinquennium
1300 4215 1329 4266 ct
1352 4229 1411 4264 rum
1436 4211 1527 4280 mea,

354 4303 437 4358 Pacu.
459 4303 525 4356 1052
545 4299 677 4354 Mueller:
697 4303 799 4353 masma
818 4304 925 4355 etcum
943 4297 991 4353 ille
1009 4298 1073 4361 fait.
1092 4330 1127 4340 -
1145 4299 1229 4354 Poen.
1243 4301 1278 4357 85
1297 4301 1432 4372 proponit
1445 4299 1526 4360 Klotz

354 4393 429 4461 (pag.
444 4390 524 4460 bibl:
544 4387 642 4456 Altera
659 4387 854 4458 quinquennis,
874 4388 965 4443 iltera
982 4387 1069 4458 (erat)
1087 4387 1271 4457 quadrimula.

443 4479 468 4547 b)
488 4478 529 4533 Gi.
550 4477 664 4543 Vahlen,
684 4476 800 4531 Hermes
820 4476 898 4533 XVII
918 4478 971 4532 605
992 4494 1052 4547 sqq.
1180 4514 1182 4516 -
