3267 5184
400 311 441 376 60
611 336 614 349 ’
815 316 1162 402 'GeorgiusWedding
1617 339 1627 401 ῃ

398 499 475 583 quin
496 501 560 567 inm
576 499 682 566 Pleuti
704 507 811 568 aetate
827 526 1001 588 pronomen
1023 527 1077 591 epo
1097 529 1255 590 nmquam
1271 507 1410 574 effecerit
1421 509 1554 587 iambum,
1600 529 1627 593 pp

398 602 453 668 sed
475 605 579 687 potius
602 625 700 688 usque
722 627 850 690 queque
870 608 1098 692 pyrrhichium,
1121 611 1180 675 etsi
1195 611 1340 678 confiteri
1361 611 1470 691 debeo,
1489 635 1554 694 quo
1601 634 1627 696 pp

399 706 493 772 modo
515 705 562 773 uli
591 714 654 773 tres
682 729 791 774 versus
818 711 910 776 Cure.
939 711 1012 778 294.
1056 712 1166 780 Pseud.
1189 715 1261 780 939.
1305 713 1390 780 Trio.
1412 715 1475 780 282
1496 737 1556 800 pro·
1603 737 1627 801 jul

399 808 546 876 hebiliter
568 811 755 878 emendandi
777 814 851 890 sint
874 836 925 880 me
947 817 1067 883 nescim
1084 824 1119 900 Ι).

1607 960 1627 1009 m

842 1059 872 1122 2.
916 1056 995 1141 ose,
1018 1059 1118 1122 mou.

484 1191 640 1258 Aduerbio
661 1195 775 1259 cito‘et
797 1195 887 1260 modo
919 1196 1040 1280 optimu
1061 1197 1244 1262 Latinitatis
1270 1203 1376 1263 estete
1398 1197 1514 1264 cedunt
1530 1201 1557 1264 iu
1621 1170 1627 1233 ¹

398 1295 551 1380 syllabam
574 1295 707 1362 brevem.
751 1298 856 1381 Atque
884 1307 933 1364 est
956 1300 1183 1379 controversie,
1211 1306 1317 1366 utrum
1338 1305 1445 1368 estote
1465 1301 1558 1368 Plauti
1602 1294 1623 1335 3³⁵

398 1399 510 1465 horum
538 1381 759 1466 adverbiorum
791 1400 941 1468 ultimo
931 1424 995 1468 mm
1025 1403 1122 1468 fuerit
1147 1410 1295 1487 eorrepte
1322 1424 1365 1471 ιιι
1392 1412 1467 1522 post
1486 1398 1615 1470 hunc
1624 1428 1627 1441 ·

398 1509 524 1586 poetam
545 1503 632 1570 foetu
653 1503 696 1568 sit
717 1505 885 1588 correptio.
935 1506 997 1574 Sed
1020 1526 1084 1571 uon
1106 1507 1367 1586 desumimus,
1395 1509 1427 1573 in
1455 1509 1614 1592 quihus
1606 1480 1626 1543 ”i

397 1605 505 1671 littero
537 1627 555 1668 o
584 1604 707 1684 finalis
738 1605 778 1672 de
810 1628 876 1690 que
908 1609 1058 1689 diuinus,
1090 1616 1141 1676 est
1168 1609 1342 1695 producte,
1374 1613 1430 1694 qui
1460 1632 1557 1677 versus
1606 1603 1627 1647 *i

398 1709 521 1774 omissis
542 1707 672 1774 incertis
686 1710 713 1795 ²)
736 1715 811 1775 sunt
831 1709 880 1776 hi:
1607 1707 1627 1767 tl

398 1828 554 1911 metm.

441 1950 509 2017 Gist
541 1950 619 2016 748.
642 1949 807 2035 Eloquere,
830 1952 914 2018 uude
935 1902 1015 2017 bueo
1036 1959 1110 2019 suut
1131 1953 1201 2031 tibi,
1223 1954 1296 2033 cito,
1319 1953 1500 2038 orepdudie.

440 2053 509 2120 Ter.
534 2054 629 2120 Andr
651 2054 730 2118 474:
765 2053 842 2133 Hui,
874 2059 939 2120 tdm
968 2056 1052 2123 cito?
1084 2056 1271 2124 ridiculum:
1302 2058 1470 2143 pbstquem
1492 2026 1620 2159 nutes}

439 2257 553 2326 Heeut.
576 2260 655 2326 375:
677 2260 739 2328 Sed
762 2263 857 2344 qutm
879 2261 943 2327 eito
964 2268 1040 2329 sunt
1062 2262 1251 2330 consecutos
1271 2261 1433 2330 mulieres!
1446 2161 1558 2228 omum
1614 2115 1627 2369 ’ᾗ

399 2381 434 2464 b)
457 2381 565 2446 modo:

442 2502 526 2567 Asin.
550 2501 631 2587 prol.
654 2504 692 2568 5:
715 2503 780 2586 Age
802 2503 889 2568 uduo
910 2503 1022 2580 reside,
1046 2507 1122 2569 edre
1143 2503 1238 2569 modo
1261 2525 1300 2569 ne
1321 2505 1443 2589 pretiis.

443 2604 636 2670 minute-12·
663 2604 744 2672 Ttoe
771 2605 874 2671 modo.
925 2606 972 2671 Ne
1001 2606 1091 2672 ilhim
1123 2605 1310 2691 <m>eotstor
1337 2610 1485 2673 miserum
1513 2607 1560 2672 he·

1127 2709 1217 2775 bebo.
1234 2719 1246 2787 11
1261 2709 1329 2795 Ego
1350 2711 1434 2776 istrie
1456 2712 1518 2776 seio
1531 2715 1561 2791 ⁸).
1619 2718 1627 2780 i

440 2807 543 2877 dolui.
558 2812 636 2877 239:
659 2810 741 2875 Dum
764 2810 858 2876 modo
880 2815 1003 2876 morito
1024 2811 1111 2877 riute
1133 2811 1248 2890 veniat,
1270 2813 1414 2880 dotetrtst
1436 2815 1521 2879 setis.
1619 2840 1627 2879 ι

439 2917 530 2998 Gept.
553 2914 633 2980 458:
657 2913 703 2978 Ad
725 2915 859 2980 fratrem
881 2915 976 2980 modo
999 2918 1143 3000 captivos
1165 2915 1245 2982 otios
1267 2917 1368 2982 iuvisd
1390 2939 1485 2984 meos.
1625 2979 1627 2982 .

439 3016 533 3084 Mero.
555 3018 631 3082 426:
658 3017 741 3083 Tene
762 3019 875 3083 modo‘:
901 3012 1001 3083 'senex
1028 3018 1249 3103 estquidam,
1278 3022 1335 3103 qui
1365 3019 1453 3085 illum
1485 3023 1562 3084 mtu-
1623 3029 1627 3088 ἰ

1375 3122 1470 3189 davit
1484 3122 1561 3187 mihi.

441 3222 536 3289 Mero.
559 3222 638 3288 875:
668 3223 739 3290 Hrio
762 3223 921 3290 seoriudus
941 3227 1052 3289 ventus
1075 3226 1160 3290 ur'mo
1180 3230 1242 3303 eet3
1270 3228 1348 3309 cepe
1374 3225 1467 3292 modo
1497 3245 1561 3290 vor·

1439 3329 1560 3394 sdrium.
1625 3360 1627 3363 ·

486 3538 510 3606 1)
530 3538 582 3594 Vin
600 3539 734 3594 credibile
753 3544 796 3593 est
813 3556 839 3594 v.
858 3538 958 3594 Pseud.
976 3541 1030 3594 999
1047 3539 1251 3594 dimetiendum
1269 3557 1344 3596 esse:

396 3641 451 3702 Sed
470 3637 524 3716 ogd
542 3649 614 3715 quite
633 3645 686 3702 tibi
702 3645 777 3700 bono
794 3645 870 3701 dubo
889 3649 918 3700 et
939 3645 1042 3701 idolum
1060 3646 1083 3700 si
1098 3647 1105 3715 Ι
1120 3645 1193 3702 huno
1212 3646 1307 3702 edbrie
1328 3664 1388 3702 rem
1408 3647 1561 3710 teeurtmis.

395 3771 431 3809 ιιι
448 3753 529 3810 initio
547 3769 645 3810 versuo
664 3756 720 3806 tres
739 3769 769 3808 ιι
788 3753 931 3823 exeipisnt
953 3752 1204 3822 pmeeleusmstiei.
1239 3751 1295 3809 Sed
1314 3770 1409 3808 versus
1427 3754 1504 3809 Trin.
1516 3755 1563 3808 282

395 3840 513 3896 fortusse
531 3839 665 3912 tegendus
683 3844 727 3898 est
745 3857 809 3896 oum
827 3841 914 3906 husu.
925 3857 983 3896 uon
1000 3841 1145 3912 lumbino:

624 3929 696 3985 Nolo
714 3934 766 4001 ego
785 3947 848 3985 oum
863 3931 868 3999 Ι
884 3931 1019 3999 improbis
1037 3929 1067 3984 te
1085 3929 1158 3998 viris,
1176 3929 1262 4000 gutte
1280 3930 1329 4004 mi.

484 4019 511 4086 2)
531 4018 626 4073 Velut:
651 4017 717 4072 rito:
744 4019 822 4074 Asin.
847 4020 908 4074 745.
943 4018 1045 4073 Buoeb.
1070 4020 1131 4072 202.
1154 4017 1215 4072 541.
1252 4017 1311 4072 Ces.
1334 4020 1395 4074 695.
1432 4019 1497 4074 Cist.
1517 4019 1563 4072 748

396 4109 472 4177 (ente
497 4105 644 4177 personum
667 4109 816 4175 mutatam)
845 4108 918 4162 Men.
942 4110 1003 4162 225.
1047 4107 1106 4161 Mil.
1133 4108 1200 4162 1359
1227 4107 1275 4175 (so
1299 4105 1350 4163 eiu
1375 4108 1420 4162 vel
1444 4111 1480 4160 tto
1496 4107 1563 4172 etto).

395 4195 486 4250 modo:
515 4197 616 4266 Amph
639 4193 691 4252 ’644
719 4197 836 4266 (Geom-
827 4195 953 4252 ·Sehoell
981 4195 1117 4250 omittunt
1142 4194 1230 4263 intus,
1264 4194 1321 4249 heo
1348 4196 1481 4250 beoohios
1509 4210 1563 4248 ιιιι

396 4289 503 4356 censet)
520 4286 596 4339 Asin
615 4287 669 4341 876
692 4286 765 4355 (eum
784 4286 891 4340 histo
882 4303 912 4339 m
930 4284 1050 4338 diseresi
1068 4283 1126 4354 legi
1144 4287 1258 4351 potest).
1293 4283 1353 4338 Οιι.
1373 4287 1425 4340 758
1443 4285 1477 4353 (ι.
1495 4299 1562 4353 pers.

394 4377 474 4442 mut.)
494 4363 580 4430 Cure.
605 4377 657 4430 655
685 4377 719 4441 (ι.
743 4391 815 4444 pers.
841 4375 920 4441 mut.)
947 4373 1033 4428 Mero.
1059 4374 1118 4428 607
1156 4371 1216 4426 Mil,
1240 4374 1292 4428 984
1322 4375 1359 4440 (ι.
1383 4390 1457 4442 pers.
1480 4373 1562 4440 mut)

395 4461 467 4523 Eud·
483 4465 690 4627 9iimpoarrn,
709 4552 828 4608 correxi.
865 4551 970 4623 Vulgo:
989 4571 1022 4606 m
1038 4550 1110 4625 (opo)
1127 4549 1204 4605 ritum
1222 4554 1335 4606 ιιιιειι.
