3267 5184
365 347 406 412 16
789 345 943 432 Georgius
964 341 1122 434 Wedding

363 534 458 602 Poen.
473 535 545 602 252.
560 534 640 602 253:
662 532 1076 621 Quiesco.1llrgoam6te.
1114 535 1177 603 Sed
1198 535 1260 602 bdc
1273 555 1360 602 nunc
1380 537 1548 622 responde

727 637 824 704 Mihi:
850 647 927 705 sunt
947 639 1013 706 hic
1034 640 1176 706 omnia

448 742 531 808 Rud.
553 740 708 808 205=1u
731 741 785 807 hic
806 741 876 808 sola
899 741 975 808 solis
996 741 1075 808 locls
1097 743 1301 826 compotita
1322 761 1416 807 sum.

362 844 445 913 Men.
470 847 534 912 764
563 850 669 911 autem
700 854 750 912 est
778 844 968 912 bacchiacus
997 844 1073 912 dim
1108 850 1206 922 acat3
1235 861 1431 928 quamquam
1462 846 1546 911 milri

365 948 533 1015 vensimile
553 953 603 1014 est
624 969 695 1014 eum
716 946 884 1032 legendum
905 967 991 1014 esse:

635 1049 717 1128 Quid
739 1050 831 1129 velit,
853 1050 930 1133 quid
952 1049 1054 1136 mad>
1074 1047 1235 1129 accersat,

361 1154 394 1219 h.
417 1175 443 1220 e.
465 1154 621 1220 iambicus
642 1152 716 1220 dim.
738 1153 845 1232 catal„
867 1155 922 1237 qui
945 1161 982 1221 ut

726 1256 762 1321 ld
785 1256 843 1334 est,
867 1256 953 1341 qnod
975 1257 1162 1342 suspicabar

360 1359 495 1426 alterum
517 1365 656 1445 systema
678 1358 884 1426 bacchiacum
906 1359 995 1442 (inde
1016 1380 1037 1427 a
1059 1383 1085 1425 ι.
1110 1359 1190 1426 764·
1210 1361 1254 1426 ad
1274 1381 1303 1424 v.
1331 1359 1419 1446 773),
1450 1361 1544 1427 clan-

361 1462 410 1528 dit
430 1463 576 1546 primum.
622 1461 685 1528 Sed
714 1463 838 1530 numeri
865 1483 1011 1530 vanuum
1038 1462 1102 1528 762
1124 1469 1158 1528 et
1179 1462 1243 1529 763
1267 1463 1360 1535 nobis
1389 1466 1545 1530 nomina-

361 1566 458 1630 tivum
479 1564 550 1647 filia
571 1565 857 1650 interpretantibus
877 1585 945 1632 esse
966 1565 1131 1650 dactylum
1151 1572 1229 1632 sunt
1249 1565 1301 1632 hi:

704 1669 783 1733 762:
806 1700 1007 1732 ...L-ux..
1031 1700 1144 1734 --Lw
1160 1721 1178 1747 ,

704 1771 782 1836 763:
803 1802 988 1836 κέλ-..νι-
1011 1803 1174 1836 ιιι-,1.-

675 1873 725 1939 vel
738 1881 782 1956 1);
803 1905 1126 1938 oooooooooo
1133 1929 1168 1938 ..
1203 1923 1206 1928 .

676 1976 725 2042 Vbi
740 1980 782 2062 'lt
804 2009 979 2040 υΔ--υ-ιυ
1000 2008 1150 2042 ...ι-..η

360 2083 462 2163 Atque
488 2101 610 2146 versum
635 2079 697 2144 763
720 2080 787 2144 siue
809 2079 906 2146 dubio
927 2081 1108 2164 proximum
1131 2089 1183 2148 est
1204 2081 1320 2164 legere:

587 2181 730 2265 Repente
753 2185 874 2266 expetit
895 2203 955 2260 me,
1005 2192 1042 2251 ut
1063 2183 1105 2250 ad
1127 2205 1194 2252 sese
1215 2185 1305 2260 irem,

358 2287 377 2352 i.
406 2306 431 2351 e.
464 2285 654 2352 bacchiacus
685 2285 758 2350 dim.
791 2292 873 2351 ucat.
906 2307 979 2351 cum
1015 2285 1158 2354 clausula
1191 2288 1351 2354 Reiziaua.
1406 2285 1536 2365 Verum,

360 2389 444 2476 quod.
461 2387 532 2470 filiu
553 2388 598 2452 sic
620 2417 770 2452 -ι.υυ..
798 2389 832 2454 in
862 2411 889 2452 v.
912 2390 976 2455 762
1004 2389 1056 2454 vix
1077 2389 1170 2467 colon
1191 2389 1271 2456 illud
1291 2397 1340 2457 est
1359 2389 1536 2468 iambicum

360 2526 486 2566 o-o..,
509 2490 626 2574 dequo
649 2499 746 2576 supra
762 2491 858 2557 verba
879 2490 949 2571 feci,
972 2493 1028 2556 sed
1050 2493 1157 2577 potius
1178 2493 1384 2578 anapaestico
1406 2492 1535 2558 videtur

361 2615 430 2661 esse
453 2593 605 2684 clausula.
649 2594 727 2660 Eius
748 2595 872 2679 generis
892 2600 999 2660 autern
1023 2594 1185 2664 clausulas
1205 2595 1355 2662 Plautum
1376 2598 1535 2681 recepisse

357 2706 390 2764 et
410 2698 580 2782 praecipue
603 2695 783 2764 bacchiacis
810 2698 1010 2764 coniunxisse
1038 2718 1110 2764 cum
1132 2698 1276 2765 versibus
1298 2720 1392 2764 nemo
1413 2698 1535 2766 infitias

357 2803 404 2867 ire
425 2807 537 2890 potest.
582 2799 726 2884 Exempli
750 2802 856 2884 gratia
878 2800 1042 2866 conferas:

379 2903 455 2970 (list.
479 2904 515 2969 8:
542 2903 599 2969 Pol
620 2904 683 2968 isto
709 2903 838 2986 quidem
860 2923 918 2969 nos
939 2904 1043 2988 pretid
1067 2904 1161 2972 facile
1187 2904 1237 2972 <ist
1258 2905 1462 2989 frequentare
1471 2909 1508 2991 ³),

357 3008 376 3072 i.
399 3028 424 3073 e.
447 3007 581 3073 dimeter
601 3005 712 3072 bacch.
734 3013 817 3072 acet.
841 3027 912 3071 cum
934 3007 1143 3089 paroemiaoo.
1189 3007 1263 3072 Iure
1284 3008 1382 3092 igitur
1404 3029 1531 3074 versum

358 3110 420 3176 762
441 3111 644 3194 interpretari
678 3110 755 3174 mihi
787 3108 897 3174 videor
928 3129 995 3174 esse
1023 3108 1229 3176 bacchiacum
1256 3109 1330 3174 dim.
1352 3118 1434 3178 acat.
1458 3133 1532 3178 cum

356 3212 500 3280 clausula
521 3212 726 3297 anapaestica
748 3213 958 3296 (monometro
980 3213 1102 3298 anap.)‚
1130 3232 1227 3295 quam
1250 3212 1435 3290 clausulam,
1458 3236 1532 3280 cum

357 3316 509 3405 simillimi
531 3317 596 3381 sint
616 3315 756 3404 numeri:

658 3417 736 3484 762:
758 3417 844 3501 quod
866 3417 938 3482 fllia
960 3417 1020 3482 sic:
1044 3450 1193 3481 ...ωυ-

659 3522 736 3587 763:
759 3527 795 3585 ub
816 3519 859 3585 Sd
880 3518 948 3586 8686
962 3521 1060 3586 irem:
1082 3551 1231 3584 uua-¹...-

355 3625 451 3690 etiam
475 3626 507 3688 in
530 3647 557 3688 v.
582 3625 644 3689 763
666 3622 858 3709 deprehendi
881 3623 1078 3689 crediderim.

442 3727 575 3792 Versum
611 3726 724 3792 Pseud.
751 3726 868 3806 12782,
900 3729 977 3809 quia
1008 3729 1205 3794 antecedunt
1235 3727 1358 3806 cretici,
1390 3733 1466 3793 ante
1497 3729 1531 3794 id

355 3832 508 3916 temporis
540 3819 785 3896 dimetiebantur
820 3830 878 3895 viri
910 3830 1012 3906 docti,
1047 3830 1181 3913 perinde
1207 3852 1246 3896 ac
1274 3832 1299 3894 si
1327 3832 1369 3896 sit
1394 3827 1555 3900 creticus

354 3936 498 4000 trimeter
519 3933 628 4000 catab:

1386 4055 1532 4068 n———..

443 4143 468 4213 1)
487 4148 514 4198 dt
531 4143 567 4198 td
583 4148 647 4212 adse,
666 4159 743 4193 uon.
763 4161 816 4214 per
834 4145 926 4215 legem
943 4144 1100 4199 iamborum
1121 4143 1314 4212 correptionis.

442 4233 469 4302 2)
488 4238 518 4286 ut
536 4233 667 4304 coniungi
692 4238 788 4303 potest
812 4251 875 4287 cnm
898 4233 989 4303 prima
1011 4233 1094 4286 huius
1118 4249 1218 4286 versus
1235 4235 1330 4301 parte:
1357 4231 1465 4301 reponte
1484 4249 1532 4284 ac-

349 4323 420 4393 poro
436 4338 478 4374 me
496 4326 527 4374 ut
545 4341 607 4390 ...3
625 4321 699 4376 inter
716 4321 838 4390 primum
858 4322 939 4377 colon
958 4327 987 4377 et
1005 4320 1158 4376 clausulam
1178 4325 1222 4374 est
1239 4319 1347 4389 syllaba
1364 4335 1478 4389 anceps.

442 4410 469 4480 3)
487 4409 551 4464 Non
575 4426 647 4480 nego
672 4407 823 4464 clausulam
847 4422 1021 4478 sav-cm,
1044 4407 1220 4474 obsidetur,
1243 4409 1273 4462 in
1296 4407 1350 4462 hoo
1369 4422 1426 4462 nno
1443 4423 1531 4462 remu

353 4501 419 4554 7622
441 4499 480 4568 (et
498 4498 581 4568 7637)
608 4497 736 4553 inveniri.
773 4497 829 4552 Sed
854 4515 910 4552 non
938 4503 981 4553 eet
999 4497 1130 4564 dubium,
1158 4497 1225 4565 quin
1250 4501 1361 4564 tempus
1383 4498 1530 4564 posterum

267 4592 268 4596 ’
325 4595 327 4600 ’
353 4588 499 4640 scientiam
518 4590 644 4640 nostram
665 4591 811 4640 aucturum
831 4587 868 4639 ait
887 4585 1082 4639 clausularum.
