3267 5184
195 326 240 394 De
262 325 423 395 vocalibus
446 326 611 414 productis
633 325 769 397 Latinas·
786 349 878 395 voces
899 325 1150 395 terminantibus.
1218 327 1261 396 29

73 520 183 602 prod:
210 526 286 584 sunt
313 521 411 602 igitur
433 519 565 586 ablativi
595 539 639 601 eg.
665 519 786 601 primae
807 517 1043 596 declinationis,
1071 519 1127 600 qui
1149 525 1260 602 postea

78 623 103 686 d
128 622 269 687 litteram
291 621 420 688 finalem
442 623 636 687 abiecerunt.

571 846 600 908 8.
646 845 773 911 Contra.

172 983 219 1048 De
241 984 390 1049 adverbio
413 992 444 1049 et
466 985 701 1067 praepositione
723 988 842 1066 contra„
866 985 954 1048 cuius
976 982 1078 1048 forma
1100 983 1261 1048 simillima

79 1095 134 1150 est
155 1086 313 1151 adverbiis
336 1089 425 1169 citro,
449 1093 554 1168 satra,
585 1107 726 1151 seorsum
762 1087 916 1151 disserere
946 1093 1087 1170 oportet.
1122 1088 1198 1169 quia
1228 1090 1260 1150 iu

79 1192 226 1255 diuersas
248 1189 396 1253 abierunt
417 1196 525 1272 partes
554 1189 611 1253 viri
634 1190 733 1266 docti,
761 1196 870 1254 utrum
892 1196 999 1254 aetate
1021 1189 1127 1254 Plauti
1151 1196 1261 1254 contra

78 1295 269 1358 mitteretur
290 1294 321 1355 in
346 1313 366 1356 a
388 1293 576 1377 productam
595 1296 630 1376 1),
654 1315 720 1374 qua
742 1313 841 1357 aurea
862 1294 1052 1357 terminatur
1074 1292 1260 1358 Latinitatis

78 1403 207 1474 aetate,
240 1418 281 1460 an
309 1398 341 1460 in
370 1417 389 1459 u
417 1395 541 1460 brevem
557 1397 596 1479 Ξ),
631 1397 664 1459 in
692 1418 789 1478 quam
817 1395 1003 1460 adverbium
1028 1395 1158 1476 frustra
1185 1397 1261 1461 olim

78 1501 216 1564 desiisse
238 1499 322 1563 infra
347 1499 532 1564 videbimus.
577 1499 742 1564 Faciamus
766 1520 824 1564 nos
848 1500 976 1563 omnino
998 1500 1154 1581 ignorare,
1178 1520 1261 1582 quae

76 1605 217 1668 ultimae
240 1607 282 1666 sit
304 1610 439 1679 natura,
467 1610 500 1666 et
522 1611 650 1668 coactos
673 1623 739 1667 esse
763 1623 802 1666 ex
826 1604 959 1667 servatis
981 1602 1107 1685 linguae
1129 1602 1262 1667 Latinae

80 1707 299 1771 monumentis
322 1726 423 1787 usque
446 1706 487 1768 ad
510 1706 666 1770 Lucilium
690 1705 846 1788 colligere,
877 1727 941 1788 qua
962 1708 1143 1788 quantitate
1166 1706 1262 1770 fuerit

81 1808 211 1893 syllaba
226 1807 340 1873 finalis.
379 1809 484 1890 Atque
500 1817 575 1873 sunt
596 1807 629 1872 hi
645 1829 763 1886 versus,
786 1808 818 1872 in
842 1807 958 1890 quibus
980 1816 1091 1872 contro
1113 1811 1261 1885 occurrit,

81 1913 208 1976 seilicet
239 1911 361 1976 omissis
393 1913 453 1988 eis,
487 1911 541 1975 ubi
564 1933 584 1974 o
607 1912 715 1976 littera
745 1911 874 1975 eliditur
904 1911 954 1975 vel
983 1913 1017 1974 in
1046 1931 1083 1975 eo
1110 1920 1160 1976 est
1182 1913 1261 1988 loco,

82 2035 151 2098 quo
175 2016 241 2079 sine
264 2014 362 2079 dubio
384 2015 566 2079 admittitur
588 2014 712 2098 syllaba
734 2034 871 2097 anceps:

83 2117 200 2200 Amph.
224 2117 301 2182 217:
329 2115 481 2180 Producit
510 2117 634 2182 ‹imnem
664 2115 850 2181 exercitum.
899 2116 1022 2182 Contra
1047 2116 1201 2182 Teleboae
1223 2140 1262 2182 ex

699 2219 816 2303 cippido
841 2220 993 2303 Legiones
1017 2221 1158 2285 educunt
1180 2225 1262 2286 sues.

83 2323 202 2387 Pseud.
227 2323 302 2387 156:
336 2309 487 2387 Adsistite
519 2322 627 2386 omnes
650 2323 761 2388 contra
783 2345 832 2388 me
854 2322 887 2388 et
909 2345 991 2406 quae
1012 2323 1127 2406 idquae
1148 2326 1262 2389 advor-

1029 2429 1088 2492 tite
1109 2430 1260 2493 animum.

83 2529 169 2593 Rud.
191 2529 272 2593 242:
296 2527 417 2593 Accede
439 2529 480 2592 ad
504 2549 552 2592 me
574 2529 672 2610 atque
695 2528 747 2593 adi
771 2529 890 2594 centra.
907 2539 920 2607 ΙΙ
935 2529 987 2594 Fit
1009 2530 1129 2596 sedulo.

83 2633 182 2697 Truc.
209 2634 285 2696 124:
313 2632 374 2696 Fer
396 2633 508 2698 contra
530 2653 659 2697 manum
683 2641 716 2696 et
737 2633 862 2716 pariter
882 2636 1023 2718 gradere.

172 2735 267 2800 Naev.
291 2741 391 2818 praet.
415 2737 435 2798 6
459 2735 488 2818 (I
510 2735 573 2800 278
594 2734 666 2819 R.):

85 2839 229 2903 Comiter
252 2837 359 2903 senem
381 2838 556 2923 sapientem
579 2837 693 2903 cdntra
715 2838 898 2904 redhostis?
915 2847 926 2915 Ι)
943 2837 1010 2902 Min
1033 2837 1158 2903 salust?

84 2941 208 3006 Ennius
225 2944 356 3025 (Anni)
366 2946 407 3026 ⁸):
429 2942 505 3019 Quis
520 2949 612 3024 pater
627 2948 684 3006 aut
698 2950 852 3024 cognatus
868 2942 953 3006 volct
967 2963 1024 3006 nos
1041 2949 1153 3005 contra
1171 2943 1262 3008 tueri.

83 3044 208 3109 Ennius
223 3045 318 3124 (Anu.
338 3045 367 3127 t)
383 3049 433 3125 4):
457 3043 575 3108 Contra
591 3045 770 3108 carinantes
793 3044 891 3108 verba
912 3051 1011 3126 atque
1032 3045 1169 3109 obscena
1191 3066 1263 3127 pro-

1168 3147 1262 3212 fatus.

88 3252 158 3314 Att.
169 3249 231 3315 538
246 3249 275 3334 (I
289 3251 353 3315 205
364 3249 430 3335 R.):
443 3249 542 3328 Quem
557 3247 661 3332 neque
675 3248 760 3315 tueri
775 3251 888 3315 contra
904 3271 1006 3333 neque
1020 3248 1112 3314 affari
1124 3272 1222 3334 queas
1232 3255 1262 3333 5).

163 3359 231 3366 -......

180 3407 206 3478 1)
225 3407 266 3461 Cf.
284 3407 475 3474 sendelenus,
495 3408 512 3460 l.
532 3425 556 3461 c.
575 3424 640 3477 pag.
659 3411 693 3461 22
712 3425 754 3476 sq.

175 3496 202 3566 2)
220 3496 351 3564 Inprimis
377 3497 491 3564 Vsener,
518 3496 579 3550 Iud.
607 3496 693 3551 schol.
723 3496 919 3567 Gryphisvald.
957 3498 1039 3564 1866,
1070 3512 1134 3566 pag.
1157 3499 1189 3550 10
1207 3514 1261 3564 sq.;

85 3584 191 3654 Bergk,
210 3585 413 3638 Auslautendss
431 3583 455 3636 D
475 3585 512 3637 im
535 3585 609 3638 alten
628 3585 737 3653 Latein‚
757 3603 821 3655 pag.
841 3588 889 3652 823
913 3602 1003 3652 nuper
1024 3584 1153 3653 Skutsch,
1172 3584 1261 3638 Plaut.

86 3673 146 3728 und
166 3673 245 3728 Rom.
265 3691 329 3743 pag.
348 3676 373 3727 8,
523 3675 549 3740 3)
567 3671 598 3727 L.
618 3673 657 3745 Μ.
676 3673 732 3727 fab.
752 3677 812 3727 428.
970 3675 997 3740 4)
1017 3673 1046 3726 L.
1067 3673 1105 3729 M.
1126 3674 1182 3729 fab.
1201 3677 1261 3727 444.

177 3763 204 3829 5)
222 3761 329 3815 Nonius
350 3764 409 3828 153,
430 3762 463 3814 14
482 3761 566 3815 affert
585 3779 619 3816 ex
638 3763 711 3815 libro
726 3761 858 3815 XXVIIII
877 3760 976 3814 Lucilii
995 3764 1097 3815 verba:
1117 3779 1208 3816 nune
1226 3768 1262 3816 tu

88 3856 214 3905 contra
238 3851 334 3904 venis
363 3852 418 3904 vel
444 3851 501 3918 qui
528 3851 564 3903 in
591 3851 726 3919 nuptiis
751 3851 888 3904 velasse
912 3866 1014 3904 neces
1040 3857 1075 3904 te
1101 3869 1163 3905 nec
1188 3853 1263 3904 siue

87 3940 263 4010 permitis.
300 3938 376 4006 Quae
395 3939 482 3994 verba
499 3939 581 3992 valde
600 3944 732 4008 corrupta
751 3939 877 3993 correxit
895 3937 1009 4006 Vsener,
1027 3940 1044 3992 l.
1065 3956 1104 3994 c:

853 4043 927 4080 nunc
946 4031 976 4080 tn

219 4118 318 4169 contri
336 4116 422 4182 venis,
441 4119 473 4168 ut
492 4115 539 4182 qui
558 4115 587 4168 in
606 4116 702 4184 nuptis
720 4131 832 4168 versere
852 4119 965 4168 necastc

220 4220 270 4257 nec
290 4205 349 4256 sine
371 4203 506 4273 permitis.

88 4294 186 4362 Longo
205 4291 286 4346 aliter
305 4294 398 4344 autem
418 4291 450 4344 L.
469 4290 587 4344 Mueller
606 4291 634 4343 in
654 4291 738 4344 Nonii
756 4292 920 4345 recensione

803 4397 859 4433 non
877 4385 909 4432 tu

220 4464 416 4521 contraheris?
434 4467 510 4536 volgi
529 4467 653 4535 imperiis
671 4483 782 4522 versere
800 4472 941 4524 necessest

221 4571 273 4608 nec
293 4554 351 4607 sine
371 4555 508 4623 permitis.
