3267 5184
196 381 244 447 De
265 379 426 447 roealibus
447 380 609 465 produotis
632 379 764 447 Latinas
786 401 878 447 voees
901 381 1153 448 terminantibus.
1221 382 1264 446 49

80 569 519 654 samriepeapomnpat.
562 569 609 638 Ut
625 571 736 638 'autem
765 567 807 634 ad
829 569 947 654 stirpes
967 562 1112 636 neutrius
1132 569 1266 654 generis,

80 693 175 757 quae
208 679 324 739 exeunt
352 673 385 738 in
416 679 657 753 eousonantem,
690 672 775 740 velut
806 672 892 738 odon
914 674 1013 758 (teg),
1038 674 1133 758 jopot
1164 674 1267 758 (velt)
1322 693 1326 698 ·

81 775 229 842 efficitur
248 776 678 844 nominativus-anousativus
700 776 818 843 dualis:
849 776 972 858 οΙιου-ο,
992 777 1124 863 jugat-i,
1150 778 1199 842 ita
1224 776 1266 842 ad

81 881 225 965 stirpem
246 887 309 963 pat
330 877 414 946 eifiei
429 881 534 964 potuit
549 879 976 948 nominativus-accusativus
990 876 1095 946 dualis
1116 888 1207 961 pati
1228 901 1268 946 ex

81 989 216 1065 -pomt-r,
236 1003 333 1066 qnam
354 981 396 1048 ad
418 983 552 1049 formam
573 981 739 1050 referenda
760 990 809 1049 est
831 981 933 1048 lorma
953 980 1098 1068 apin-a.

179 1084 301 1151 Deinde
322 1086 488 1171 pristinam
511 1097 524 1151 i
544 1087 720 1154 invenimus
749 1086 782 1151 iu
808 1086 945 1170 genitivo
966 1079 1135 1171 singularis
1155 1106 1268 1154 seeun-

81 1190 162 1269 dae,
186 1209 270 1273 quae
290 1189 421 1269 dieitur,
454 1189 683 1258 dealinationis.
727 1190 829 1268 Quam
856 1209 922 1256 rem
952 1191 1089 1256 maxime
1108 1196 1268 1257 testantur

82 1295 209 1378 stirpes
229 1293 263 1358 in
285 1293 339 1378 -jo,
362 1313 442 1375 quas
463 1314 563 1376 usque
576 1293 617 1360 ad
633 1292 767 1359 medium
783 1292 942 1359 saeculum
960 1294 1127 1377 septimum
1149 1316 1179 1361 a.
1195 1317 1225 1360 n.
1240 1316 1267 1360 o.

82 1399 98 1463 i
121 1397 237 1481 stirpis
264 1402 297 1462 et
318 1417 386 1462 earu
409 1399 435 1477 i,
466 1418 548 1481 quae
576 1397 706 1481 genitivi
736 1402 787 1463 est
813 1397 953 1480 signum,
984 1397 1172 1464 contrahere
1204 1419 1269 1463 non

84 1499 332 1583 solumpoetue
362 1497 448 1565 illius
468 1500 583 1566 aetatis
604 1498 782 1580 ostendunt,
817 1500 873 1565 sed
902 1500 1013 1569 etiam·
1027 1501 1274 1586 inscriptionem

86 1603 247 1668 &morai
260 1605 296 1688 1),
317 1601 442 1686 aedifici
453 1607 489 1690 ¹),
510 1602 635 1686 benefioi
646 1605 684 1688 8),
707 1604 818 1668 aeneid
830 1605 868 1689 ⁴),
893 1603 994 1670 iudici
1004 1607 1041 1688 ⁸),
1063 1605 1218 1690 municipi
1231 1607 1269 1688 ⁸).

86 1706 174 1772 Cum
197 1713 303 1773 eutem
324 1706 451 1772 eaedem
473 1727 565 1773 voees
586 1708 619 1772 iu
643 1708 689 1790 ·jo
715 1706 747 1772 iu
773 1706 908 1772 looatiro
929 1709 943 1769 i
964 1708 1073 1792 stirpis
1094 1714 1127 1773 et
1147 1711 1161 1774 i
1181 1709 1269 1774 loea-

86 1812 162 1888 tivi,
185 1830 281 1893 quam
300 1816 403 1876 ortam
419 1809 486 1876 esse
507 1829 546 1876 ex
567 1804 766 1894 diphthongo
788 1810 832 1875 ·ei
852 1810 929 1876 satis
950 1817 1087 1890 onustat,
1108 1832 1270 1896 uunquam

88 1913 298 1992 contrahant,
331 1912 363 1977 id
395 1914 480 1994 quod
511 1921 647 1998 apparet
681 1934 720 1979 ex
755 1912 897 1979 versibus
925 1913 1034 1991 Ennii,
1066 1934 1146 1998 qnos
1179 1914 1272 1980 affort

90 2016 253 2102 Apuleius
274 2015 365 2100 Apol.
388 2015 430 2080 39
449 2018 493 2101 ²):

183 2136 337 2203 Omnibus
358 2143 395 2202 ut
416 2135 553 2221 Clupeas
576 2142 718 2221 praestat
739 2137 875 2203 mustela
896 2139 1028 2224 marina,
1191 2223 1194 2227 ¹

172 2239 291 2322 *Mures
311 2246 386 2307 sunt
408 2241 488 2306 Aeni
509 2232 659 2325 †asphra;
683 2246 788 2306 ostrea
810 2240 947 2325 plurima
970 2240 1073 2326 Abydi

185 2391 817 2410 .............
863 2343 1034 2430 Mytilenae

184 2446 243 2512 Est
264 2452 378 2531 peeteu
400 2446 621 2531 oharadusque
642 2444 726 2530 apud
749 2446 932 2512 Ambraoiai
953 2447 1042 2528 finis3

184 2548 387 2614 Brundisii
409 2569 520 2633 sargus
541 2549 643 2615 bonus
664 2556 726 2615 est:
749 2550 835 2614 hune
857 2570 990 2633 maguus
1012 2551 1148 2629 siesoit,

124 2691 126 2698 ,
186 2653 280 2718 Sume
302 2652 370 2730 tibi,
393 2652 549 2736 apriolum
571 2654 651 2718 scito
672 2653 807 2737 primum
830 2673 899 2719 esse
919 2653 1047 2719 Tarenti
1062 2658 1100 2740 ⁸),

94 2781 131 2840 et
154 2794 195 2839 ex
217 2773 355 2840 Terentii
379 2794 408 2840 ι.
430 2772 509 2839 Eun.
533 2775 616 2840 519:

186 2895 254 2962 Rue
275 2893 389 2961 Sduii
410 2893 533 2978 eoquod
555 2894 689 2961 hdbeam
712 2900 745 2960 et
765 2895 863 2978 quem
885 2895 977 2978 longe
997 2898 1019 2960 1
1040 2897 1130 2975 mari,

94 3015 219 3084 nonalis
240 3018 253 3079 i
275 3016 401 3084 loeativi
433 3037 473 3081 ex
503 3015 701 3100 diphthongo
734 3022 805 3082 orta
834 3034 898 3080 non
930 3016 1041 3083 eadem
1070 3037 1139 3082 esse
1168 3024 1275 3101 potest

96 3127 200 3204 atque
219 3122 234 3186 i
254 3118 392 3204 genitivi,
421 3119 452 3186 b.
474 3140 501 3185 e.
524 3119 665 3184 dubitari
687 3121 814 3202 nequit,
845 3119 923 3203 quin
945 3119 959 3182 i
978 3120 1109 3202 genitivi
1130 3141 1211 3204 pura
1233 3123 1275 3186 sit

96 3231 130 3392 eAt
150 3223 292 3390 prigtirpp
315 3223 378 3411 gf)
397 3221 469 3287 Joh.
491 3220 635 3288 Schmidt
658 3221 745 3307 apud
767 3221 918 3300 Mahlow,
946 3222 999 3287 die
1024 3223 1146 3307 langen⁴
1167 3223 1275 3290 vocale

1137 3469 1273 3480 ‘an—-

192 3537 218 3604 l)
236 3536 399 3606 Schneider,
418 3535 556 3606 Exempla
574 3534 617 3592 28.
653 3543 656 3550 ’
783 3535 810 3605 2)
829 3537 848 3590 1.
867 3553 891 3590 ο.
909 3537 971 3604 996,
988 3537 1033 3591 99.

192 3625 219 3692 9)
237 3625 255 3678 l.
275 3641 299 3678 ο.
319 3625 380 3692 997,
398 3625 424 3678 9.
593 3625 621 3691 4)
640 3623 657 3678 l.
677 3641 700 3678 u.
720 3625 781 3690 299,
799 3626 843 3678 57,
1024 3625 1052 3690 fi)
1069 3625 1088 3678 1.
1107 3641 1131 3679 ο.
1150 3627 1212 3692 295,
1230 3628 1274 3682 86.

192 3712 256 3782 e)1.
275 3729 299 3767 e.
318 3713 380 3782 912,
400 3713 460 3781 149,
481 3711 620 3779 152164.

192 3803 219 3871 7)
239 3800 281 3857 Oi.
299 3799 433 3869 Mueller,
458 3800 543 3855 Ennii
562 3800 620 3857 su.
638 3800 672 3856 o1
692 3817 753 3870 sqq.
771 3831 804 3840 -
829 3800 983 3869 Baehrens,
1011 3799 1076 3870 Frg.
1095 3806 1168 3872 poet.
1193 3801 1274 3858 Rom.

101 3908 169 3962 pag.
189 3891 251 3944 190.

192 3979 219 4048 8)
237 3979 284 4034 sio
301 3977 361 4033 fere
380 3978 465 4033 verba
483 3981 618 4048 corrupta
635 3969 810 4034 restituenda
829 3994 890 4032 esee
908 3993 1008 4034 oenreo
1026 3993 1117 4046 neque
1134 3977 1276 4048 intellego,

102 4085 188 4139 quarn
206 4070 243 4123 ob
262 4083 374 4122 uanum
392 4066 425 4120 L.
444 4065 563 4122 Mueller
580 4083 633 4134 pro
651 4065 800 4120 Brundisii
822 4067 928 4121 aorihat
945 4066 1098 4120 ablativum
1116 4066 1276 4136 Buradonis,

103 4157 271 4226 praesertim
297 4171 358 4210 euru
382 4154 494 4210 looativi
521 4153 646 4226 Clupeas,
665 4154 745 4224 Asai,
770 4153 872 4224 Abydi,
890 4153 1048 4224 Mytilenae,
1070 4153 1181 4208 Tarenti
1203 4156 1277 4210 hune

104 4243 260 4300 defendant
278 4243 437 4298 loaatirum.
456 4273 490 4284 -
509 4241 638 4297 Ceterum
658 4241 694 4298 of.
714 4241 817 4298 Athen.
835 4242 884 4308 ill,
903 4258 968 4311 pag.
980 4243 1015 4295 92
1034 4241 1066 4296 d:
1086 4238 1278 4315 Ἀρχέοτρπος

105 4329 132 4382 δ’
152 4319 184 4385 dr
200 4332 402 4402 Γοοτρουομίαι
420 4333 506 4401 φησί·

234 4432 298 4496 τοὺς
313 4438 368 4508 μῦς
384 4433 470 4496 Αἶνος
486 4437 544 4507 ἔχει
560 4435 703 4507 μεγάλους,
722 4431 832 4506 ὄστρεια
850 4432 877 4486 d'
891 4430 1016 4502 Ἄβυδος,

235 4523 284 4584 τὰς
301 4519 416 4594 ἄρκτους
431 4523 547 4594 Πάριον,
565 4522 628 4585 τοὺς
644 4525 679 4580 δὲ
694 4520 825 4590 κτένας-ἡ
843 4517 1003 4590 Μυτιλήνη·

237 4615 380 4672 πλείστους
397 4611 424 4664 d’
444 4610 595 4685 Ἀμβρακία
613 4617 737 4685 παρέχει,
755 4615 802 4667 καὶ
821 4607 930 4666 ἄπλατα
947 4607 1007 4683 μετ’
1026 4608 1117 4668 αὐτῶν
1130 4654 1157 4669 ..
1173 4655 1201 4668 ..

161 4717 606 4772 mummolenum.
628 4719 713 4762 xxvu.
1034 4721 1051 4774 4
