3267 5184
320 281 365 350 48
755 283 911 366 Georgius
935 279 1090 367 Wedding

323 491 391 538 esse
411 473 442 560 ¹).
487 473 548 538 Sed
572 472 651 537 hoec
673 457 833 560 correptio
855 493 926 538 cum
948 491 1102 556 persaepe
1127 492 1193 536 non
1215 473 1405 555 reperiatur,
1428 492 1497 538 mea

323 574 450 658 quidem
484 576 643 642 sententia
673 597 800 642 necesse
829 582 878 642 est
905 573 1085 653 ostendere,
1119 595 1202 658 quae
1231 577 1298 640 sint
1325 576 1428 658 logos,
1459 597 1497 640 ex

324 679 439 762 quihus
470 682 591 763 primae
621 682 704 744 vocis
737 678 862 764 syllaba
896 678 1001 744 finalis
1029 678 1123 744 modo
1154 684 1302 763 correpta
1334 681 1377 744 sit
1405 679 1498 744 modo

323 789 447 848 servata
468 781 624 866 producta
639 787 675 866 ¹).
720 782 843 860 Quibus
871 803 910 847 ex
932 781 1054 864 legibus
1075 803 1149 859 nna,
1182 784 1244 846 nisi
1265 781 1369 859 fallor,
1397 785 1498 848 mani-

323 885 405 950 festo
428 892 488 951 est:
517 885 601 950 hano
629 887 861 969 correptionem
883 905 947 950 non
970 883 1115 950 effectam
1138 905 1215 964 osse,
1243 885 1297 950 ubi
1321 886 1412 951 illam
1435 885 1498 970 syl-

291 1030 294 1038 ·
322 987 430 1081 labam
455 987 581 1052 finalem
610 987 683 1052 olim
715 987 906 1070 sequebatur
938 1007 1130 1065 consonans,
1165 1009 1248 1071 quae
1267 975 1354 1067 sam,
1389 995 1426 1052 ut
1453 991 1498 1053 itu

323 1091 442 1168 dinam,
477 1090 628 1156 tnebstnr
658 1098 690 1155 et
725 1090 928 1167 defendebat,
959 1097 996 1154 ut
1023 1092 1169 1175 quocirca
1195 1113 1235 1156 ex
1264 1091 1459 1178 qued-circo
1472 1093 1497 1176 θ)

324 1194 469 1260 omnibus
498 1193 697 1278 temporibus
725 1194 907 1260 olittersm
937 1194 1075 1275 seruauit
1104 1193 1321 1280 productum.¹
1350 1188 1497 1261 Formam

324 1297 440 1362 *bodie
461 1303 567 1363 sutem
590 1298 645 1380 qui
667 1305 868 1380 acceperunt,
893 1318 958 1361 non
979 1296 1046 1362 alis
1067 1319 1107 1362 ox
1128 1297 1231 1363 forma
1254 1319 1324 1362 cam
1345 1299 1498 1363 deducere

324 1410 458 1484 possunt
471 1407 569 1483 utque
585 1421 625 1464 cx
646 1399 832 1464 *hodor-dic
852 1399 902 1464 uel
916 1399 1080 1481 *hod-die,
1102 1400 1219 1483 quihus
1242 1402 1272 1466 in
1295 1401 1405 1467 formis
1427 1423 1495 1466 oon·

323 1510 472 1569 sonantes
493 1504 515 1566 d
542 1509 611 1568 eto
636 1503 837 1587 impedivisse
868 1524 994 1568 necesse
1022 1510 1085 1582 ost,
1113 1505 1286 1587 quominus
1311 1505 1402 1570 tedis
1428 1526 1498 1570 era·

324 1608 414 1672 deret
434 1607 545 1672 forma.
590 1606 758 1672 Praeterea
788 1627 894 1671 nonne
916 1608 1060 1685 miraris,
1085 1607 1172 1690 quod
1194 1609 1227 1671 in
1250 1608 1410 1674 adverbiis
1431 1614 1498 1672 rote

324 1710 384 1791 die,
414 1709 570 1792 meri-dic,
601 1709 775 1794 poetri-die,
799 1709 920 1792 pridie
952 1711 1073 1794 primae
1104 1712 1206 1794 partis
1239 1711 1363 1794 syllaba
1396 1711 1498 1778 finalis

323 1834 401 1878 non
424 1820 571 1896 correpta
593 1820 650 1889 est,
673 1813 782 1878 sedin
796 1813 912 1877 hodo?
956 1803 1118 1891 Quaenam
1139 1836 1190 1880 res
1212 1815 1245 1880 in
1268 1815 1329 1880 hoc
1351 1815 1499 1881 adverbio

325 1919 556 2000 correptionem
580 1915 694 1994 effecit,
717 1917 883 1998 prohibuit
906 1920 938 1981 in
960 1916 1050 1982 illis?
1069 1923 1106 2001 ⁴),
1201 1985 1203 1989 ,

328 2099 329 2104 ¹
409 2019 498 2097 Quae
520 2041 592 2084 cnm
615 2020 661 2084 ita
684 2020 756 2101 sint,
783 2019 861 2084 mihi
883 2019 1010 2102 quidem
1034 2041 1097 2086 non
1120 2020 1252 2086 dubium
1275 2021 1499 2097 videturesse,

325 2123 402 2205 quin
427 2121 530 2187 forma
552 2122 642 2186 todo
671 2143 735 2186 non
757 2121 904 2188 ducenda
932 2124 973 2187 sit
991 2143 1040 2203 „ex
1067 2124 1206 2204 *hodia
1232 2124 1424 2207 *hidre-die,
1447 2125 1500 2188 sed

325 2225 546 2311 etymologiam
570 2247 634 2290 non
655 2243 834 2309 proponere
862 2225 946 2290 malo
975 2246 1073 2308 quam
1101 2228 1256 2292 incertam
1283 2226 1426 2318 proferre
1454 2224 1500 2289 rel

323 2351 465 2414 prauam.

641 2693 702 2755 III.
747 2691 884 2754 Formae
905 2693 940 2754 in
964 2693 977 2754 i
998 2698 1171 2756 exeuntes.
1186 2777 1204 2806 κ

411 2883 532 2960 Quini
563 2882 664 2947 brevis
691 2879 797 2948 finalis
827 2883 860 2948 in
889 2882 999 2964 lingua
1020 2882 1137 2947 Latina
1166 2902 1229 2946 non
1257 2890 1416 2961 servatur,
1446 2867 1508 2948 sed

324 2987 469 3052 mumius
495 2987 529 3050 in
557 3006 572 3049 e
600 2984 724 3050 brevem
740 2987 782 3070 ⁶),
814 2985 901 3050 illam
924 2984 1071 3050 omnihus
1099 2985 1131 3048 in
1161 2983 1288 3061 formis,
1323 2988 1355 3050 in
1385 2987 1498 3069 quihus

327 3088 590 3172 deprehenditur,
619 3088 808 3170 productam
838 3108 906 3152 osse
932 3093 1066 3171 oportet.
1113 3085 1201 3164 Quae
1222 3096 1235 3149 i
1254 3085 1361 3152 finalis
1383 3089 1498 3171 partim

324 3191 446 3280 proles,
481 3196 517 3256 ut
546 3191 592 3255 ita
614 3189 731 3268 dicam,
766 3198 813 3255 est
842 3191 997 3274 pristinae
1022 3190 1141 3254 vocalis
1161 3202 1188 3266 c,
1218 3190 1335 3272 partim
1366 3197 1438 3256 ortu
1461 3212 1499 3255 ex

328 3294 536 3380 diphthongis
558 3294 614 3376 -sr',
636 3295 689 3374 -ds',
711 3293 766 3358 -ὄὶ,

337 3479 339 3484 Δ
411 3398 516 3480 Atque
539 3400 551 3458 i
572 3416 653 3480 pura
671 3397 738 3460 sine
752 3394 850 3461 dubio
871 3395 1030 3477 reperitur
1050 3396 1085 3459 in
1100 3396 1257 3461 numerali
1278 3398 1396 3479 opimi,
1417 3417 1499 3479 quas

330 3501 434 3566 forma
456 3505 599 3565 vetustus
628 3505 677 3564 est
705 3499 1135 3564 nominativus-accusativus
1157 3499 1259 3564 dualis
1280 3500 1425 3565 neutrius
1446 3520 1499 3582 ge·

311 3599 410 3668 ‘neris
424 3609 502 3668 nata
524 3623 563 3668 ex
584 3601 648 3685 idg.
664 3608 790 3684 turquoto,
841 3599 921 3666 Num
944 3601 1007 3683 idg.
1023 3607 1122 3682 pons,
1143 3601 1198 3669 lat.
1213 3603 1309 3686 piot·
1330 3601 1500 3684 respondet

325 3706 424 3789 stirps
447 3705 639 3771 Sansoritics
669 3705 703 3768 in
738 3711 966 3769 consonantem
998 3702 1144 3768 desinens
1173 3711 1249 3784 pat·
1279 3705 1313 3768 in
1340 3705 1499 3787 tricipit,

346 3981 347 3986 ’
417 3968 444 4038 1)
464 3968 547 4023 Velut
566 3976 621 4021 stoc
640 3985 674 4021 ex
692 3977 763 4034 sioc;
788 3967 824 4020 cf.
842 3966 923 4034 scine,
942 3966 1104 4035 Schneider,
1121 3967 1261 4036 Exempla
1276 3968 1340 4033 293,
1359 3968 1402 4020 54.

415 4057 442 4127 2)
462 4057 526 4112 Non
546 4055 654 4124 dubito,
673 4056 740 4125 quin
759 4055 887 4124 inprimis
905 4055 978 4108 ictus
996 4055 1189 4124 respiciendus
1208 4058 1246 4108 sit
1263 4059 1293 4108 et
1311 4053 1432 4108 enclisis.

415 4147 442 4211 3)
461 4145 537 4198 Haec
556 4144 646 4199 forma
664 4147 775 4198 servata
794 4148 838 4197 est
856 4143 1019 4204 Schneider,
1038 4142 1175 4212 Exempla
1193 4145 1254 4211 293,
1278 4144 1318 4196 13.

415 4233 443 4302 4)
462 4231 542 4299 Quod
568 4233 597 4286 in
623 4232 854 4299 inscriptionibus
872 4231 990 4285 Faliscis
998 4232 1024 4300 s
1037 4230 1135 4286 littera
1152 4231 1247 4300 lfmcd)
1265 4231 1370 4304 scriptu
1389 4234 1431 4295 est
1449 4245 1498 4298 pro

324 4320 345 4374 n
364 4319 472 4389 (hodie),
493 4320 600 4374 minimi
619 4324 661 4374 est
679 4320 821 4381 momenti.
858 4318 898 4372 ef.
921 4318 1022 4370 Fauna
1040 4335 1094 4388 pro
1112 4319 1219 4373 Helena
1238 4317 1415 4389 (Schneider,
1440 4317 1457 4372 Ι.·
1477 4335 1498 4373 c.

325 4412 387 4477 42),
405 4394 515 4460 Forulos
533 4409 562 4475 (l.
582 4425 605 4462 c.
624 4408 677 4478 46),
696 4406 811 4460 Forctic
829 4407 858 4476 (l.
876 4424 900 4460 c.
918 4407 991 4474 200).

339 4547 345 4568 ‚
416 4497 445 4570 ,5)
464 4495 504 4550 Ol.
523 4513 607 4566 supra
625 4512 688 4564 pag.
709 4498 751 4562 27,
771 4495 866 4548 adnot.
887 4495 921 4561 1).
