3267 5184
354 323 395 394 ιι
679 269 684 276 ’
778 325 934 414 aaran
956 323 1112 414 among

352 517 409 583 der
430 517 645 602 hauptcaesur
673 517 730 584 der
756 517 951 584 iambischeo
979 518 1191 603 langzoilen“.
1241 517 1351 602 Neque
1372 517 1533 585 defidant

354 621 500 705 exempla
521 620 605 686 hanc
626 642 690 686 rem
714 621 954 701 confirmantia,
981 644 1021 688 ex
1051 622 1168 706 quibus
1190 623 1255 688 tria
1275 622 1429 688 adhibere
1450 625 1534 688 satis

353 725 413 790 orit
434 724 556 790 omissis
578 723 738 790 nonnullis
761 725 834 790 aliis
854 726 974 811 quippe
994 725 1155 810 corruptis
1176 731 1234 792 aut
1253 726 1402 792 incertis:

395 827 487 894 Truc.
509 827 587 893 463:
610 826 742 894 Vosmet
762 829 827 894 iarn
849 829 973 907 ridetis,
997 835 1034 894 ut
1055 829 1169 894 dunata
1191 829 1304 895 incedo
1317 833 1356 914 ¹).

395 930 479 997 ldcu.
500 931 580 997 968:
602 930 646 996 Vt
665 931 794 997 absente
815 933 871 997 erd
893 951 960 997 rem
980 935 985 1019 Ι
1004 934 1053 998 erl
1074 931 1245 1018 diligenter
1260 934 1298 1018 ¹).

396 1035 478 1100 llud.
502 1035 578 1100 194:
600 1031 679 1100 Tum
698 1036 703 1120 Ι
721 1034 782 1100 hdo
805 1037 849 1100 mi
869 1034 1026 1116 indecdre,
1047 1038 1052 1121 Ι
1071 1037 1191 1118 inique,
1214 1035 1438 1122 inmodestel).

438 1138 482 1204 Vt
503 1140 599 1222 igitur
619 1139 653 1203 in
676 1137 725 1204 his
747 1138 888 1204 versibus
911 1145 944 1204 et
965 1138 1072 1206 hiatus
1093 1139 1282 1225 (legitimus)
1303 1139 1460 1208 admissus
1481 1151 1534 1209 est

354 1249 387 1308 et
413 1241 535 1328 syllaba
562 1262 694 1325 anceps,
729 1242 776 1308 ita
807 1241 900 1308 Truc.
921 1243 986 1308 459
1014 1263 1118 1308 asaro
1149 1243 1293 1309 desinere
1321 1251 1428 1328 potest
1453 1246 1488 1310 in
1509 1267 1532 1308 c

353 1346 489 1424 brevem,
510 1350 607 1428 atque
628 1365 880 1428 supervacaneae
901 1352 976 1410 siunt
995 1347 1031 1410 in
1052 1346 1194 1412 versibus
1216 1345 1308 1412 Troo.
1325 1347 1400 1414 463.
1444 1347 1533 1414 Men.

273 1513 276 1520 ,
353 1448 427 1515 968.
470 1447 551 1513 Rud.
576 1448 637 1512 194
663 1449 864 1514 coniecturae
886 1447 1044 1527 Muelleri‚
1076 1449 1254 1529 Ritachelii‚
1277 1449 1427 1535 vaninge,
1457 1454 1534 1517 inu-

353 1552 419 1618 tilis
440 1551 531 1617 Truo.
553 1552 617 1617 459
639 1549 785 1638 Seyfferti
807 1572 903 1617 acore
918 1553 955 1636 ⁴).
1624 1544 1625 1557 ¹

438 1655 475 1721 V.
498 1654 582 1720 Trin.
604 1656 683 1721 251:

612 1757 683 1823 Nox
705 1759 813 1824 datur:
837 1758 965 1826 ducitur
986 1759 1109 1825 familia
1130 1761 1202 1825 tota
1624 1778 1625 1815 ³

354 1861 447 1946 vulgo
466 1860 602 1928 habetur
623 1881 681 1946 pro
704 1862 821 1928 cretico
842 1869 915 1928 telr.
936 1862 1030 1930 catal.
1071 1863 1161 1941 Quod
1183 1866 1245 1930 rati
1268 1863 1534 1948 Brix-Niemeyer
1624 1836 1625 1869 ¹

353 1967 387 2031 iu
408 1972 524 2047 quarta
550 1985 675 2048 quoque
697 1965 871 2030 Trinummi
897 1966 1036 2032 editione
1066 1972 1200 2033 nonant
1226 1972 1263 2033 ut
1289 1968 1322 2034 in
1352 1967 1413 2033 boc
1434 1988 1533 2034 versu

354 2069 402 2134 ita
423 2068 495 2136 aliis
520 2068 599 2134 locis
621 2067 736 2145 Plauti,
766 2067 878 2148 Ennii,
907 2069 1148 2154 inscriptionum
1170 2091 1208 2135 ex
1230 2071 1380 2136 saturniis
1400 2090 1534 2154 compo-

355 2175 489 2238 sitarum
507 2192 529 2236 o
550 2171 688 2237 litteram
704 2173 953 2257 nominativisg.
965 2175 1086 2257 primae
1104 2173 1325 2240 declinationis
1341 2173 1535 2256 productam

355 2297 432 2343 esse.
476 2274 539 2341 Sed
559 2274 652 2341 huius
674 2295 782 2341 versus
806 2273 886 2341 fides
907 2276 1098 2356 infirmatur,
1120 2275 1206 2359 quod
1227 2277 1324 2360 paulo
1345 2283 1420 2342 ante
1441 2297 1536 2361 repe·

357 2381 438 2445 ritur
459 2378 549 2457 alter,
578 2378 632 2461 qui
655 2377 763 2444 eodem
791 2377 880 2458 loco,
909 2401 974 2462 quo
999 2382 1033 2445 in
1060 2402 1087 2445 v.
1108 2380 1171 2445 251
1201 2379 1313 2445 ultima
1338 2386 1387 2446 est
1401 2379 1536 2464 ‘syllaba

356 2485 388 2548 in
408 2482 547 2565 familia,
568 2480 723 2566 syllabam
746 2481 845 2547 habet
866 2483 933 2548 sinc
954 2484 1021 2551 ulla
1041 2482 1243 2549 dubitatione
1267 2485 1408 2549 brevem:

355 2690 436 2756 Sunt
458 2690 543 2756 euim
564 2688 729 2771 utriusque
750 2709 860 2755 vorsus
880 2689 969 2772 (248.
990 2689 1053 2755 249
1076 2696 1109 2754 et
1129 2690 1213 2775 251)
1232 2693 1368 2756 numeri:

633 2791 707 2858 248.
731 2792 810 2857 249:
833 2824 1029 2856 macoma-
1052 2821 1211 2858 accam

443 2585 515 2652 248.
538 2585 616 2651 249:
639 2583 710 2649 uon
732 2585 810 2652 salis
832 2585 866 2651 ιι
888 2585 937 2652 aa
958 2586 1042 2666 mur,
1066 2588 1100 2651 ns
1120 2586 1256 2671 empna
1278 2586 1376 2652 som
1390 2590 1424 2668 o.

725 2896 804 2961 251:
828 2926 860 2960 .l.
864 2927 1014 2960 υυυυυ
1036 2924 1205 2962 alituum-v

357 2998 446 3077 Quae
471 3017 543 3066 cnm
572 2999 619 3064 ita
647 2999 724 3078 sint,
758 3000 905 3082 quisnam
927 3021 948 3064 o
974 2999 1102 3069 finalem
1127 3000 1320 3067 contendere
1346 2999 1477 3067 audebit
1497 3001 1536 3068 in

354 3102 482 3184 samdio
512 3102 563 3167 hic
593 3122 661 3168 esse
687 3102 896 3187 productam?
939 3103 1001 3171 Sed
1027 3103 1214 3170 deliberatio
1241 3105 1343 3169 omnis
1369 3101 1536 3183 aethaeo,

357 3205 515 3290 quomodo
548 3205 661 3271 horum
692 3227 838 3273 ramnum
872 3208 1117 3291 interpretemur
1148 3225 1305 3272 numeros.
1367 3205 1536 3271 Neminem

357 3308 469 3394 effingit
500 3310 636 3394 priorem
670 3317 794 3394 partem
826 3312 978 3377 creticum
1009 3332 1077 3376 esse
1107 3311 1275 3376 dimetrum
1306 3318 1404 3389 ucat,
1437 3329 1536 3392 quem

356 3415 500 3497 sequitur
521 3412 665 3480 clausula
687 3467 717 3477 -
723 3449 837 3478 ccccc
881 3416 986 3497 Atque
1007 3415 1069 3480 nisi
1090 3414 1197 3480 omnia
1218 3433 1268 3478 me
1289 3412 1424 3490 fallunt,
1452 3412 1537 3481 haec

446 3591 473 3662 l)
492 3589 613 3646 Mueller
629 3592 758 3664 supplet:
784 3590 886 3648 videtis
902 3592 980 3663 (me).

446 3681 473 3750 2)
491 3679 572 3751 (ιιιηι)
588 3695 646 3733 rem
664 3685 832 3750 receperunt
850 3678 969 3749 Bitochl,
992 3680 1100 3750 Vasing.

368 3771 369 3776 ’
446 3768 473 3838 3)
491 3767 654 3824 Fleckeisen
673 3769 845 3840 transponitz
866 3767 989 3824 indecora
1007 3768 1054 3822 mi.

446 3862 473 3928 4)
491 3855 544 3926 Qui
561 3858 591 3912 in
608 3856 752 3914 bacchiaci
770 3862 836 3914 tetr.
856 3857 979 3914 'diaeresi
1007 3855 1119 3912 admitti
1147 3853 1282 3926 syllabam
1306 3855 1458 3924 ancipitem
1476 3874 1538 3912 non

357 3945 458 4016 credit,
477 3946 503 4001 oi
520 3945 634 4015 suadeo,
654 3950 687 4001 ut
700 3945 752 4001 hoa
764 3963 862 4003 ramus
879 3947 1027 4018 intellegat
1045 3962 1105 4000 esse
1122 3944 1257 4000 dimetros
1274 3943 1442 3999 bacchiacos
1459 3952 1539 4002 acet.

358 4053 422 4090 cnm
441 4034 565 4090 clausula
581 4033 727 4090 Βοὶιίιιιιιιι

499 4123 581 4179 'linc
598 4126 665 4180 4632
684 4123 800 4181 Vosmet
817 4125 874 4178 iam
892 4122 1004 4188 ridetis,
1021 4126 1054 4178 nt
1072 4122 1172 4178 ordita
1189 4121 1298 4177 incedo.

499 4213 573 4268 Meu.
594 4215 660 4269 968:
681 4213 719 4268 Vt
737 4214 854 4269 absente
873 4210 921 4267 ero
939 4228 1000 4267 rem
1015 4214 1021 4281 Ι
1036 4216 1077 4267 ἔτι
1096 4211 1252 4282 diligenter.
1269 4213 1273 4220 '

498 4301 571 4358 Rud.
592 4306 657 4358 1942
675 4303 746 4358 Tum
762 4303 767 4371 Ι
782 4301 838 4357 hdo
855 4302 895 4356 mi
912 4299 1053 4367 mamere,
1069 4301 1196 4369 linique,
1213 4297 1380 4354 inmodeste.

359 4384 437 4447 luter
455 4391 591 4447 dimetros
610 4397 639 4446 et
658 4391 809 4446 clausulam
829 4390 991 4446 admittitur
1008 4390 1114 4458 syllaba
1133 4404 1242 4459 anceps.
1303 4387 1306 4392 ’

443 4479 470 4548 5)
488 4478 546 4535 Leo
564 4479 619 4535 hoo
642 4497 753 4550 quoque
771 4481 832 4535 loco
857 4479 946 4535 evitat
966 4477 1162 4533 difficultatem
1182 4475 1300 4548 amplias
1317 4491 1378 4529 esse
1398 4475 1544 4536 creticum

360 4567 543 4628 contendens.
971 4560 975 4569 ’
