3267 5184
333 353 376 420 52
753 353 907 440 Georgius
930 354 1095 441 Weddiog.

337 540 546 608 ismbicorum
568 543 686 626 purtim
709 544 839 610 omniuo
860 542 974 612 duent
994 545 1190 632 pyrrhicbm,
1213 548 1331 632 purtim
1353 548 1502 634 syllsbnn
1608 630 1609 633 Ἴ

335 647 526 742 productum
549 646 643 711 modo
669 654 831 714 servarent
851 647 945 714 modo
966 650 1173 734 sornperent
1608 638 1609 667 ¹

321 757 323 764 '
420 749 612 816 Adverbium
641 752 734 836 quasi
764 771 959 835 quemquem
995 753 1029 818 in
1056 753 1219 820 nonnullis
1247 753 1504 839 inscriptionibus

339 853 497 918 invenitur
526 852 629 918 forms
657 855 801 940 ponem)
837 860 950 938 postne
978 875 1102 941 semper
1124 857 1341 924 terminetisse
1362 858 1505 924 ridentur

336 956 468 1035 ibreii,
489 977 575 1021 cum
602 956 631 1021 ei
654 957 754 1040 'pauci
780 977 898 1036 semus,
927 958 1099 1043 inquibus
1128 958 1228 1026 elficit
1247 961 1397 1039 iambum,
1429 961 1504 1027 nihil

337 1059 471 1127 valeant
515 1058 692 1144 Corruptus
714 1060 798 1125 enim
821 1061 1188 1130 estv.Lucr.11291:

506 1161 547 1227 ln
569 1163 694 1228 devicte
714 1173 811 1245 quasi
823 1167 850 1248 ²)
872 1172 1007 1249 cogetur
1027 1165 1111 1232 terro
1132 1167 1274 1252 potique,

337 1286 430 1351 quem
453 1285 578 1330 versum
599 1265 661 1330 inm
684 1267 822 1333 correxit
842 1265 1043 1336 Lachmann:

505 1367 548 1432 Et
570 1367 693 1436 devicto
715 1370 807 1452 qussi
829 1369 894 1456 <id>
916 1377 1050 1456 cogetur
1070 1371 1153 1438 ferre
1172 1372 1314 1456 potique.

332 1471 369 1536 ln
392 1492 419 1535 v.
444 1470 539 1537 Poen.
562 1471 622 1536 241
645 1478 768 1539 summ:

502 1574 604 1653 Quasi
624 1574 710 1642 snlss
732 1575 899 1642 minuties
920 1577 991 1644 esse
1011 1580 1219 1664 summintnr

332 1676 456 1742 codices
473 1676 684 1750 nontrodunt
705 1678 806 1765 quasi,
830 1679 1014 1765 sedzpocm
1034 1689 1063 1749 si
1083 1681 1170 1744 solsc
1291 1686 1324 1746 et
1345 1680 1411 1747 Mil
1427 1682 1502 1749 798:

375 1796 470 1862 Militi
492 1798 528 1862 iit
549 1796 660 1864 durem
684 1821 691 1862 :
713 1810 874 1882 quasique
900 1809 958 1884 ego
985 1803 1033 1866 rei
1054 1800 1113 1866 sim
1135 1800 1303 1887 interpres.
1320 1811 1332 1881 Ι
1349 1803 1461 1881 didio,

332 1918 441 1983 eodem
463 1918 531 1984 iure
552 1918 691 1984 dimetiri
712 1918 801 1986 licet:
823 1929 973 2008 quosque
994 1927 1056 2006 ipo,
1079 1924 1137 1988 etsi
1160 1923 1328 1990 verisimile
1351 1930 1401 1988 ost
1421 1924 1502 1988 inter

332 2043 385 2106 eqo
415 2031 447 2088 et
478 2025 526 2087 rei
553 2043 624 2087 cum
648 2021 821 2089 Ritschelio
842 2025 1106 2109 interponendum
1122 2046 1190 2092 esse
1218 2045 1393 2110 pronomen
1423 2029 1453 2090 ei
1472 2034 1502 2091 et

334 2125 514 2208 legendnm:

333 2246 429 2311 Militi
452 2247 490 2311 nt
519 2245 639 2325 dorem,
671 2247 828 2330 quasique
849 2247 909 2332 ego
936 2246 998 2334 (ei)
1031 2249 1077 2312 rei
1098 2248 1158 2312 sim
1180 2247 1345 2331 interpres.
1363 2258 1374 2328 Ι
1392 2248 1501 2313 Auidio.

419 2367 529 2452 Nisib
547 2367 735 2433 creberrime
745 2367 832 2452 opud
856 2367 1004 2435 Plautum
1027 2369 1145 2435 desinit
1159 2370 1193 2434 in
1207 2369 1362 2454 syllabam
1380 2371 1500 2435 brevem
1611 2416 1612 2451 ,

332 2474 419 2555 (nisi,
442 2472 565 2555 nisu),
587 2471 749 2574 nonnullis
771 2470 850 2537 locis
870 2478 978 2538 autem
1001 2472 1069 2537 ini
1091 2473 1295 2556 productum:

332 2593 403 2662 Cos.
426 2592 502 2656 699:
524 2591 592 2656 Nisi
614 2612 647 2658 se
669 2593 746 2658 sciit
767 2593 860 2658 vilici)
881 2613 946 2658 non
967 2593 1078 2660 dutum
1098 2595 1181 2677 iri⁴t

332 2696 407 2762 cist.
447 2697 503 2760 61:
549 2695 632 2774 Quid
654 2695 766 2774 dicim,
810 2697 872 2760 nisi
906 2696 1046 2762 stultitia
1078 2697 1150 2762 men
1181 2718 1231 2762 me
1263 2697 1296 2762 in
1328 2696 1501 2764 maerorem

1402 2801 1408 2812 ·
1479 2803 1492 2843 s

332 2903 427 2968 Poen.
452 2903 530 2968 243:
553 2900 621 2966 Nisi
643 2901 744 2968 mults
764 2922 852 2986 aquo
872 2903 975 2985 ireque
996 2908 1028 2966 et
1049 2900 1104 2969 dii
1126 2799 1501 2988 mooerinturbimltlp)

334 3006 428 3071 Poen.
450 3007 526 3072 325:
556 3005 695 3088 Opsecro
717 3003 833 3085 hercle,
864 3014 900 3072 ut
923 3005 1026 3071 miilsu
1054 3005 1387 3089 ldquitur.tllilnis1
1408 3003 1501 3070 lotdr-

334 3212 414 3280 Rnd.
440 3214 537 3280 1092:
559 3211 619 3277 Hic
642 3213 707 3277 nisi
729 3213 769 3277 de
791 3212 942 3296 opinidne
963 3211 1084 3278 certum
1107 3211 1154 3276 nil
1176 3211 1247 3276 dicd
1267 3210 1334 3276 tibi.
1403 3108 1499 3174 ⁰⁰¹⁰&

348 3401 350 3408 ,
417 3335 617 3416 Quamquam
642 3333 775 3400 fortasse
797 3333 938 3412 versibus
959 3332 1029 3399 Ges.
1052 3333 1126 3411 699,
1159 3333 1233 3414 (list
1257 3333 1308 3411 61,
1332 3332 1426 3396 Poen.
1440 3331 1502 3397 243

330 3439 496 3520 derogabit
529 3438 687 3520 quispiam
716 3436 941 3502 auctoritatem
973 3436 1059 3518 (vide
1092 3437 1136 3501 sis
1167 3436 1277 3501 sdnot.
1299 3436 1346 3519 dl
1369 3436 1416 3520 6).
1440 3437 1501 3518 tit),

331 3551 437 3608 tomen
460 3563 514 3606 eos
535 3541 713 3605 defendunt
734 3559 843 3605 versus
866 3538 1202 3605 nocumentum.
1221 3539 1312 3617 1092,
1335 3540 1367 3602 in
1389 3538 1503 3619 quibus

331 3647 410 3728 quin
432 3645 496 3708 nisi
516 3645 663 3709 mittatur
684 3644 716 3707 in
739 3644 752 3704 i
772 3643 962 3726 productam
984 3642 1124 3707 dubitari
1146 3642 1266 3725 nequit.

344 3765 347 3772 ·
418 3747 611 3812 Pronomins
639 3745 726 3825 mibi,
752 3746 816 3826 titi,
842 3745 933 3832 sitii)
961 3767 1124 3827 nunquam
1149 3744 1233 3830 apud
1257 3744 1404 3809 Plautum
1434 3743 1502 3808 effi-

331 3852 417 3916 ciunt
448 3851 666 3936 pyrrhichium
696 3850 758 3917 nisi
791 3850 823 3913 vi
850 3849 930 3932 legis
956 3847 1133 3915 iamborum
1158 3847 1377 3932 correptionis,
1401 3868 1502 3929 neque

330 3944 466 4038 usquam
493 3953 566 4020 finis
594 3973 701 4021 versus
722 3952 851 4020 iambici
877 3953 995 4019 senarii
1017 3952 1068 4018 sel
1089 3951 1244 4020 trochaici
1264 3951 1436 4036 septenarii
1455 3951 1501 4015 in·

420 4150 444 4214 t)
463 4147 547 4201 Velut
566 4148 610 4202 lex
625 4147 753 4211 Bantius,
773 4144 934 4212 Schneider,
953 4145 971 4198 l.
989 4161 1013 4198 c.
1032 4146 1150 4212 292,12;
1169 4145 1215 4198 lsx
1233 4144 1304 4200 ecit
1324 4149 1422 4214 repet,
1442 4145 1460 4198 l.
1477 4161 1501 4196 c.

329 4237 390 4306 noe,
409 4239 453 4290 41.
717 4237 744 4303 2)
764 4234 840 4290 eon:
858 4231 946 4304 quan

417 4327 444 4392 3)
463 4325 495 4378 ln
505 4324 734 4394 inscriptionibus
746 4322 902 4377 identidem
915 4320 993 4386 sirei,
1011 4321 1088 4376 velut
1105 4338 1127 4374 s.
1140 4337 1164 4375 c.
1174 4320 1209 4374 ds
1219 4320 1331 4387 Bsccli„
1350 4320 1502 4376 Schneider

330 4415 347 4468 l.
367 4432 390 4468 o.
409 4415 452 4482 97,
470 4416 495 4481 8,
516 4417 557 4476 16,
575 4417 618 4468 st.
864 4413 891 4479 l)
909 4412 947 4466 A:
967 4409 1066 4478 NISI,
1084 4409 1121 4465 P:
1139 4409 1176 4463 si.
1204 4408 1374 4477 disciscit).

418 4507 444 4564 dt
464 4503 526 4564 Vel:
547 4502 619 4570 Quid
638 4501 738 4564 dicim,
757 4501 810 4554 nist
829 4500 1030 4554 stulticines
1047 4498 1136 4568 nidd)
1163 4498 1192 4552 in
1211 4498 1365 4552 mudrordm
1382 4493 1501 4567 rupi[t]?

330 4657 338 4664 ,
416 4594 445 4661 6)
464 4591 619 4646 Hermsnn:
637 4590 692 4644 nisi
708 4591 765 4659 (si).
1000 4589 1029 4656 7)
1048 4586 1088 4640 Cf.
1108 4604 1171 4656 psg.
1190 4589 1234 4640 60.
