3267 5184
303 255 345 322 44
715 257 871 340 Georgius
895 257 1048 343 Wedding
1150 203 1154 211 Ι

324 477 325 480 ¹
391 445 507 512 Versus
529 445 609 511 llud.
631 446 694 512 244
715 451 836 512 autern:

497 547 546 614 Τά
562 549 647 614 lacis
669 548 866 632 nequidem
888 556 925 614 ut
945 551 1051 614 sisere
1074 551 1159 615 nune
1183 550 1276 614 velim

305 660 352 718 est
377 651 512 718 creticus
540 651 672 718 dimeter
702 659 784 719 scat.
811 674 883 718 cum
916 652 1061 719 clausula
1081 689 1229 730 -υ.υ.,
1259 655 1350 721 cuius
1377 655 1478 739 primu

302 755 401 820 thesis
424 755 484 820 boc
506 755 653 821 inversu
675 755 797 822 duabus
820 754 957 822 efficitur
978 755 1112 841 syllabis
1134 756 1294 823 brevibus.

391 858 511 924 Deinde
533 859 653 924 minimi
676 866 724 924 est
745 860 842 944 pretii
864 880 973 925 versus
996 858 1087 926 Most
1112 860 1189 925 710:

565 961 659 1028 Peius
680 963 814 1046 posthac
836 963 904 1029 lore
926 965 1022 1047 quum
1046 963 1109 1028 lnlt
1129 963 1215 1041 mihi,

304 1086 376 1130 cum
397 1065 481 1130 iuter
504 1064 596 1130 colon
620 1067 770 1132 creticum
798 1072 831 1132 et
856 1066 1030 1132 clausulam
1056 1101 1188 1130 ..υ-υ-
1210 1066 1368 1150 syllabam
1390 1066 1481 1132 anci-

304 1167 400 1251 pitem
423 1167 544 1234 licitum
567 1169 608 1234 sit
629 1189 746 1252 ponere
764 1171 799 1254 ι).

389 1270 489 1338 Porro
510 1273 632 1338 incerta
657 1278 732 1338 sunt
758 1273 857 1339 verba
881 1272 998 1352 Titinii,
1029 1295 1116 1351 cum,
1147 1278 1253 1339 utrum
1279 1272 1360 1339 baec
1383 1273 1482 1338 verbs

305 1374 398 1440 unius
420 1395 528 1440 versus
549 1376 614 1440 sint
641 1396 683 1441 an
710 1375 862 1456 duorum,
893 1376 1080 1442 nescimus.
1125 1379 1229 1460 Atque
1251 1376 1336 1442 mibi.
1350 1376 1481 1460 quidem

305 1477 471 1544 verisimile
491 1477 616 1544 videtur
637 1499 705 1544 esse
727 1500 766 1545 ea
786 1479 912 1545 dnobus
933 1479 1103 1546 tribuenda
1123 1501 1192 1546 esse
1212 1478 1371 1546 versibusz

391 1629 512 1646 .....
535 1583 623 1666 ipsus
644 1582 775 1665 quidem
797 1583 907 1648 hercle
927 1581 1044 1648 ducere

392 1684 475 1753 Sane
496 1684 603 1750 nevolt
625 1735 723 1763 ...,

305 1789 365 1855 nisi
387 1788 491 1866 fallor,
513 1789 658 1854 iambicis
678 1790 811 1855 senariis
832 1790 894 1871 (rel
914 1791 1086 1856 odonariis
1101 1795 1135 1873 ²).

391 1891 458 1956 lam
481 1892 621 1976 quinque
643 1898 814 1977 supersunt
834 1913 961 1959 versus:

307 1995 392 2062 Asin.
406 1995 489 2060 250:
519 1997 622 2080 Atque
644 1996 777 2079 argento
801 1996 1016 2081 comportando
1037 1996 1159 2080 fingere
1180 1996 1352 2062 fallsiciam.
1442 2025 1445 2030 ·

308 2097 374 2164 Mil.
397 2098 475 2164 848:
497 2097 680 2181 Numquam
702 2099 815 2184 edepol
838 2099 900 2164 vidi
923 2101 1077 2184 promere.
1122 2080 1239 2166 Ver‘um
1263 2100 1324 2167 hoc
1346 2109 1423 2168 erat.

305 2201 420 2266 Pseud.
435 2202 515 2268 355:
533 2201 601 2284 Ego
618 2201 773 2267 scelestus,
785 2204 868 2267 nunc
882 2203 1048 2287 argentum
1061 2204 1208 2287 promere
1223 2206 1352 2286 possum
1374 2205 1483 2270 domo.

306 2322 419 2387 Pseud.
447 2321 542 2387 1003:
564 2320 693 2388 Nullam
717 2322 852 2389 saltitem
874 2326 1000 2389 mittere
1022 2325 1177 2408 scriptam
1198 2323 1303 2390 solet?

307 2427 398 2493 Truc.
420 2426 500 2491 425:
523 2425 593 2491 Non
615 2426 712 2491 audes
734 2425 853 2509 aliquid
875 2428 953 2492 mihi
974 2426 1051 2493 dare
1074 2426 1295 2493 mundeculum
1309 2428 1347 2512 ⁸),

306 2571 345 2612 ex
375 2546 491 2631 quibus
519 2546 703 2614 facillimum
736 2553 784 2613 est
817 2549 973 2631 corrigere
1005 2569 1127 2614 versum
1157 2546 1271 2614 Pseud.
1296 2549 1373 2627 355,
1409 2571 1481 2614 cum

306 2651 478 2716 scribatur:
1081 2664 1083 2667 ’
1364 2667 1367 2670 ’
1432 2645 1434 2649 ’

305 2754 374 2837 Ego
396 2753 547 2819 scelestus
570 2755 658 2819 minc
677 2752 843 2838 argentum
866 2754 1012 2838 promerd
1035 2755 1119 2839 potis
1142 2757 1212 2821 siim
1234 2754 1337 2821 domo.

357 2949 359 2954 ,
391 2875 453 2954 Qui
475 2897 582 2942 versus
596 2878 664 2941 iure
684 2877 722 2962 in
739 2877 949 2960 suspicionem
972 2897 1032 2941 nos
1052 2875 1183 2941 adducit
1207 2877 1302 2943 etiam
1324 2883 1481 2960 quattuor

306 2977 446 3062 reliquos
466 2999 529 3044 non
552 2988 637 3045 recte
660 3001 727 3044 esse
749 2980 887 3044 traditos
915 2988 1012 3063 atque
1034 2979 1074 3044 de
1102 2965 1224 3044 formis:
1245 2977 1385 3063 'finpcre
1407 2993 1482 3063 pro-

306 3087 398 3164 mere,
419 3087 548 3162 motura,
569 3073 702 3148 endere
719 3083 836 3164 ¹eedem
852 3085 976 3148 ratione
990 3075 1193 3147 iudicandum
1208 3103 1275 3146 esse
1296 3104 1334 3147 ac
1356 3082 1396 3146 de
1418 3083 1483 3147 for-

307 3190 365 3276 mis
394 3187 479 3251 velut
509 3185 654 3268 mnibus,
679 3193 843 3271 contraries
861 3185 933 3250 eliis
961 3184 1098 3250 eiusdem
1128 3185 1266 3269 generis,
1299 3185 1339 3250 de
1365 3182 1482 3268 quibus

306 3298 455 3357 accurate
478 3311 576 3374 supra
598 3311 670 3373 pag.
688 3291 707 3354 8
732 3283 791 3354 leci
813 3289 918 3353 verba
955 3289 1042 3367 Quae
1064 3309 1114 3354 res
1136 3310 1209 3354 cum
1229 3290 1276 3354 ita
1297 3310 1331 3354 se
1353 3286 1481 3364 habeat,

305 3395 369 3459 iam
402 3414 492 3458 nemo
522 3391 696 3468 dubitabit,
731 3393 809 3474 quin
838 3392 972 3457 Plautus
1005 3389 1195 3456 infinitivum
1217 3391 1395 3475 praesentis
1417 3398 1480 3456 act.

306 3519 406 3582 usque
429 3517 558 3580 quaque
578 3496 796 3560 terminaverit
818 3497 852 3560 in
874 3515 890 3558 e
912 3495 1038 3559 brevem
1051 3498 1083 3576 ⁴).

393 3599 453 3666 Sed
476 3601 665 3665 sententiam
689 3619 777 3662 suam
802 3605 838 3663 ut
860 3597 1038 3674 confirmet,
1071 3598 1176 3680 pergit
1203 3597 1251 3662 sir
1278 3597 1481 3663 doctissimus

307 3705 448 3772 Solmsen
464 3706 506 3785 ⁶l:
545 3703 601 3768 wir
634 3703 739 3768 haben
767 3702 818 3767 ein
844 3699 1139 3786 schwerwiegendes
1168 3703 1313 3783 zeugniss
1342 3701 1394 3765 fiir
1420 3700 1482 3766 den

399 3884 426 3948 l)
445 3879 484 3935 cf.
505 3897 568 3950 pag.
588 3882 636 3934 24..
1243 3905 1247 3919 .

394 3973 420 4037 2)
439 3969 534 4024 Etiam
553 3967 688 4024 trochaici
707 3972 777 4038 sept.
797 3985 857 4022 esse
876 3970 1004 4038 possunt:
1024 3966 1097 4023 Sane
1115 3965 1210 4022 nevolt
1228 4005 1234 4018 .
1249 4005 1255 4016 .
1269 4006 1297 4019 ..

374 4083 377 4092 .
395 4059 422 4128 3)
439 4057 534 4112 Facile
552 4062 595 4112 est
614 4061 813 4126 transponere:
835 4056 899 4109 aare
916 4055 986 4109 mibi
1001 4055 1199 4109 monsterolum.

393 4149 421 4213 4)
440 4147 556 4200 Versum
584 4147 658 4201 Pers.
684 4148 750 4200 642:
786 4145 845 4200 lim
870 4146 906 4199 de
935 4145 1007 4200 istrie
1035 4144 1135 4213 rogare
1162 4143 1268 4198 omitte.
1314 4142 1377 4196 Non
1404 4141 1482 4196 vides

1206 4274 1208 4277 .
1243 4259 1245 4263 ·
1306 4232 1379 4285 nolle
1396 4231 1481 4300 loqui,

307 4324 362 4379 iam
381 4323 505 4378 correxit
523 4322 707 4376 Camerarius:

435 4411 493 4466 Idm
512 4410 547 4465 <le
565 4410 637 4466 istoc
654 4411 756 4480 rogare
774 4411 881 4467 omitte.
917 4408 982 4468 Non
1000 4408 1077 4466 vides
1098 4406 1173 4463 nolle
1190 4406 1316 4478 <oroque

396 4503 422 4565 5)
441 4500 458 4556 l.
479 4518 502 4554 c.
521 4517 583 4574 pag.
605 4501 665 4558 250.
