3267 5184
364 283 407 350 32
782 285 937 371 Georgius
962 283 1118 371 Wedding

365 481 398 537 et
420 474 587 556 diligenter
603 476 740 558 seiungit
753 476 864 540 breves
886 476 1011 541 vocales
1024 484 1058 540 et
1077 477 1251 559 productas
1274 499 1377 560 neque
1400 499 1542 560 unquam

364 577 497 640 eandem
519 578 652 643 sormam
677 579 770 642 modo
792 580 893 642 mittit
914 580 945 642 in
968 579 1096 660 longam
1120 580 1214 644 modo
1241 582 1274 644 in
1301 581 1425 644 brevem
1445 580 1543 663 sylla-

364 679 447 745 bam.
492 680 576 762 Ergo
598 683 690 748 nobis
714 681 955 746 diiudicandum
977 691 1036 760 ost
1061 689 1135 746 utra
1155 684 1238 748 ratio
1261 705 1336 748 vera
1357 684 1408 759 sit,
1434 685 1542 746 termi-

364 785 528 848 naveritna
550 784 683 850 Plautus
712 786 898 850 adverbium
927 793 1040 848 contra
1068 785 1155 850 brevi
1184 807 1225 850 an
1252 786 1410 869 producta
1430 787 1542 852 vocali.

365 885 545 963 Videamus,
567 889 683 969 quibus
704 889 900 970 argumentis
919 888 998 952 haec
1020 888 1188 954 adiuvetur
1208 892 1301 966 ratio,
1332 890 1450 972 quibus
1472 890 1540 954 illa.

364 989 518 1055 Litteram
542 1013 562 1054 a
585 991 772 1073 productam
796 1012 862 1056 esse
885 990 1068 1056 confirmat:

451 1096 482 1177 l)
504 1092 621 1159 Versus
643 1094 811 1158 Plautinus
837 1095 951 1176 Amph.
974 1093 1047 1159 217.

449 1198 484 1280 2)
509 1197 599 1274 Quod
615 1218 707 1280 aegre
722 1198 920 1273 adducimur,
943 1204 980 1260 ut
1000 1197 1184 1262 adverbium
1207 1204 1332 1260 con-tra
1352 1197 1543 1262 divellamns

363 1321 384 1364 a
405 1299 517 1364 formis
539 1307 653 1382 ezr-tra,
678 1302 781 1363 ior-tre
803 1306 862 1366 eto.

449 1402 593 1483 311111
620 1404 773 1468 Oscorum
801 1405 935 1468 contrad
953 1404 990 1486 1),
1018 1402 1088 1468 Lat.
1111 1410 1232 1466 contro·
1258 1404 1291 1467 in
1317 1407 1543 1468 contro-cerain

363 1513 421 1570 etc.
444 1507 539 1570 etiam
565 1506 699 1570 formam
729 1511 839 1569 contra
868 1508 1038 1588 pristinum
1068 1526 1135 1570 esse
1166 1506 1339 1571 ablativum
1364 1506 1488 1571 indicat
1508 1514 1543 1570 et

362 1608 555 1690 respondent
581 1607 718 1672 formae:
750 1609 893 1689 contrad,
922 1616 1047 1672 contro·
1071 1634 1079 1672 1
1107 1617 1216 1673 contro
1241 1641 1275 1662 =
1301 1611 1394 1690 citro,
1424 1610 1542 1673 intro:

364 1715 453 1794 citro,
476 1717 572 1776 intra.

362 1815 494 1879 Brevem
517 1823 623 1879 autem
645 1815 789 1879 ultimam
813 1836 881 1878 esse
902 1815 980 1878 nibil
1002 1814 1170 1879 confirmat
1190 1817 1265 1879 nisi:

435 1938 556 1982 versus
577 1917 743 1982 Plautinus
766 1917 880 1980 Pseud.
904 1918 974 1981 156.

364 2020 443 2086 Mihi
474 2021 601 2102 quidem
635 2021 714 2084 haec
750 2027 937 2103 argumenta
970 2022 1128 2103 spectanti
1157 2041 1220 2084 non
1254 2021 1385 2085 dubium
1416 2021 1544 2086 videtur

367 2145 444 2201 esse,
482 2125 560 2204 quin
581 2143 706 2205 semper
733 2123 846 2187 ultima
867 2125 898 2186 iu
922 2130 1031 2187 contra
1055 2122 1150 2187 inerit
1178 2124 1334 2206 producta
1361 2131 1457 2206 atque
1480 2125 1542 2188 hoc

367 2225 550 2290 adverbium
574 2233 609 2288 ut
629 2239 730 2308 supra
750 2246 788 2288 ex
810 2226 952 2308 supro-d,
974 2229 1064 2288 extro
1087 2246 1126 2288 cx
1148 2225 1291 2289 ecc-trcd
1313 2233 1417 2290 ortum
1439 2227 1481 2289 sit
1502 2248 1541 2289 ex

365 2329 666 2409 *contredatque
688 2349 724 2392 eo
747 2330 846 2410 magis
869 2328 928 2392 hoc
951 2335 987 2392 ut
1008 2329 1135 2392 credam
1157 2327 1308 2405 adducor,
1332 2331 1418 2410 quod
1443 2333 1541 2394 etiam

365 2435 397 2496 in
432 2432 593 2497 nonnullis
626 2431 697 2494 aliis
731 2431 872 2495 versibus
903 2433 936 2494 in
971 2431 1114 2496 ultimam
1148 2433 1252 2496 thesin
1283 2439 1358 2496 ante
1381 2432 1540 2498 diaeresin
1625 2420 1626 2423 ¹

364 2536 493 2600 iambici
509 2535 680 2618 septenarii
702 2535 874 2598 insinuavit
895 2532 1019 2618 syllaba
1042 2534 1146 2616 longa,
1170 2540 1206 2598 ut
1227 2533 1396 2598 emendare
1412 2555 1541 2600 necesse

366 2643 415 2704 sit.
460 2638 529 2702 Huc
545 2637 677 2714 accedit,
700 2637 785 2718 quod
801 2659 866 2701 non
881 2636 1009 2700 difficile
1032 2644 1079 2700 est
1095 2637 1264 2718 explicare,
1286 2658 1424 2718 quonam
1447 2637 1541 2702 modo

364 2743 484 2806 factum
507 2743 559 2818 sit,
581 2748 618 2804 nt
641 2740 733 2804 huius
760 2761 869 2804 versus
895 2741 980 2804 modi
1002 2740 1214 2805 turbarentur.
1261 2740 1320 2805 Est
1346 2742 1429 2806 enim
1458 2743 1491 2806 in
1514 2765 1540 2805 v.

363 2846 477 2910 Pseud.
502 2845 562 2909 166
588 2845 689 2908 altera
720 2845 910 2927 corruptela,
939 2865 1009 2909 cum
1038 2845 1124 2927 apud
1148 2843 1294 2909 Plautum
1323 2851 1433 2907 contra
1464 2865 1540 2909 non·

364 2949 439 3012 dum
456 2951 497 3012 sit
513 2949 715 3031 praepositio,
739 2968 760 3011 a
777 2968 840 3028 qua
855 2947 973 3030 pendet
987 2947 1195 3022 accusativus,
1218 2948 1273 3011 sed
1296 2968 1396 3028 usque
1414 2969 1541 3029 quaque

366 3050 558 3128 adverbium,
588 3050 620 3115 id
649 3050 733 3132 quod
767 3050 904 3132 perbene
933 3050 1129 3132 intellegitur
1156 3071 1195 3114 ex
1223 3073 1315 3115 versu
1345 3049 1539 3134 captore:

492 3156 534 3218 Α1
555 3163 592 3218 ut
614 3152 810 3218 cdnfiddnter
831 3153 954 3236 (homo)
977 3153 1071 3216 mihi
1094 3162 1233 3218 contra
1254 3155 1398 3218 tstitit.

451 3259 537 3334 Quae
560 3278 610 3322 res
632 3279 701 3321 cum
725 3258 771 3321 ita
801 3278 835 3319 se
857 3255 985 3333 habeat,
1008 3277 1132 3320 versum
1155 3257 1267 3321 Pseud.
1295 3258 1354 3320 166
1384 3258 1539 3340 scriptum

363 3361 459 3424 fuisse
482 3361 685 3425 coniecerim:

451 3464 600 3528 Adsistite
634 3463 747 3526 contra
784 3462 894 3525 omnes
929 3463 1005 3526 mihi
1041 3461 1074 3525 et
1112 3483 1195 3544 quae
1234 3463 1348 3545 ldquar
1381 3461 1542 3526 advortite

1389 3565 1539 3640 animum,

363 3676 459 3752 atque
491 3671 595 3734 nescio
626 3690 718 3750 quem
748 3667 911 3731 librarium
934 3667 1115 3731 Plautinum
1143 3667 1283 3732 adverbii
1312 3671 1422 3730 contra
1450 3688 1540 3732 usum

365 3775 566 3862 ignorantem
582 3772 779 3837 coniunxisse
802 3770 957 3835 vocabula
978 3779 1089 3834 contra
1108 3777 1140 3834 et
1156 3769 1345 3850 mittatque
1367 3773 1541 3834 correxisse
1581 3802 1583 3804 ·

366 3885 476 3941 contro
489 3898 547 3957 me,
569 3877 687 3958 quippe
703 3874 757 3954 qui
779 3874 1166 3957 contrapraepositionam
1180 3874 1326 3953 coniungi
1352 3874 1448 3938 sciret
1470 3894 1540 3938 cunr

366 3983 548 4046 accusativo
559 3984 590 4062 ⁹).

777 4101 923 4111 ...u—...—

453 4158 478 4222 1)
497 4155 565 4209 Tab.
585 4154 666 4207 Bant.
688 4155 729 4218 11,
750 4154 792 4218 17,
811 4154 860 4204 25:
886 4148 1000 4203 contrad
1017 4149 1097 4202 11111.

452 4246 479 4313 2)
500 4242 688 4312 Corrigendus
709 4247 752 4294 est
771 4241 856 4294 etiam
874 4258 899 4292 v.
918 4239 993 4292 Pers.
1015 4240 1061 4291 13:

434 4333 501 4401 Quis
526 4333 583 4385 illic
611 4330 653 4383 est
681 4331 727 4397 qui
753 4328 853 4382 centra
877 4329 916 4381 mi
940 4326 1064 4393 11111111
1084 4326 1149 4393 Quis
1176 4326 1221 4379 bic
1245 4330 1289 4379 est
1311 4325 1359 4393 qui
1384 4325 1424 4377 sic
1443 4324 1538 4384 contra

791 4465 794 4472 .
1400 4412 1538 4475 11111111,

362 4511 393 4570 ln
414 4527 469 4580 quo
488 4511 531 4564 bis
551 4507 685 4562 traditum
706 4512 762 4560 est:
781 4510 875 4558 contra
893 4523 941 4556 mc.

1619 3064 1621 3159 l

1616 3260 1619 3354 l
