3267 5184
215 320 261 390 De
282 320 444 391 vocalibus
467 321 634 410 productis
657 319 789 393 Latinas
810 349 902 394 voces
923 321 1154 395 terminatibus.
1242 326 1282 397 16

105 511 251 580 clausula
272 511 389 580 adonio
415 513 575 582 simillima
598 515 662 600 (vel
684 513 820 582 adonius
843 518 945 602 ipset)
967 516 1078 584 eadem
1105 525 1168 595 est,
1202 539 1284 604 quae

108 623 237 700 praeter
261 617 340 683 alios
364 617 450 684 locos
472 619 630 696 invenitur
651 619 731 686 Rud.
755 620 836 685 668:

259 720 541 808 <Scimusztanto>
563 724 597 788 in
619 729 704 788 metu
727 725 813 788 minc
835 744 942 790 sumus
963 725 1089 802 ambae,

107 825 197 890 cuius
220 825 380 892 clausulae
402 827 506 909 prima
527 827 609 892 arsis
627 826 733 892 soluta
754 833 802 892 est
824 828 856 890 in
878 849 906 890 v.
926 826 1011 894 Trin.
1028 829 1103 907 251,
1124 829 1230 896 altera
1250 829 1283 894 in

106 951 134 990 v.
160 928 233 994 248.
254 930 328 994 249.

194 1030 294 1097 Paulo
310 1032 435 1117 lougius
458 1034 536 1099 mihi
557 1033 763 1117 repetendum
787 1040 835 1100 est
857 1035 890 1098 in
911 1057 938 1099 v.
954 1033 1036 1100 Meu.
1056 1035 1126 1102 762.
1171 1034 1283 1100 Goetz·

105 1133 233 1200 Schoell
268 1142 301 1200 et
327 1137 360 1200 in
394 1134 454 1201 hoc
484 1143 516 1201 et
548 1139 580 1200 in
610 1137 654 1201 eis
684 1136 805 1212 tribus,
840 1138 895 1218 qui
918 1145 1110 1220 sequuntur,
1141 1138 1284 1205 versibus

104 1240 281 1304 omiserunt
309 1239 408 1323 ictus,
443 1239 530 1322 quod
566 1241 688 1305 numeri
718 1241 783 1304 sint
809 1241 932 1318 incerti.
977 1241 1041 1307 Leo
1063 1247 1170 1308 autem
1191 1241 1281 1307 illum

105 1362 231 1408 versum
255 1363 312 1412 nos
335 1342 475 1408 dimetiri
499 1343 588 1409 iubet
609 1341 713 1409 huuco
734 1345 768 1408 in
792 1342 934 1409 modum:

299 1463 460 1542 Quidnam
482 1464 543 1530 hdo
565 1466 608 1529 sit
630 1465 746 1548 negoti,
768 1465 855 1546 quod
878 1464 948 1529 filia
970 1466 1016 1530 sic
1033 1468 1069 1550 ¹),

104 1587 139 1650 in
161 1584 300 1650 editione
328 1583 437 1649 dicens
464 1583 647 1650 fabularum
675 1584 784 1650 Plauti
813 1591 864 1649 ter
892 1586 1062 1669 repetitum
1092 1605 1160 1650 esse
1190 1617 1281 1648 ω.-

103 1719 197 1751 em-
218 1719 273 1750 on
296 1719 385 1750 ean
407 1688 442 1770 (i.
464 1709 490 1753 e.
512 1687 703 1753 bacchiaeus
726 1688 800 1752 dim.
825 1695 906 1754 acat.
930 1709 1003 1753 cum
1025 1688 1187 1771 Reiziano)
1208 1711 1281 1754 cum

103 1790 251 1856 clausula
272 1822 463 1854 eeeeee
484 1788 533 1855 vel
548 1790 706 1856 Reiziana
751 1791 811 1856 Sed
835 1811 962 1856 necesse
984 1791 1108 1857 videtur
1129 1799 1281 1859 accurate

105 1894 166 1958 hos
189 1914 298 1959 versus
319 1891 448 1959 afferre:

334 2014 492 2091 Quidnam
515 2014 576 2079 hdo
600 2015 642 2081 sit
663 2014 779 2096 negdti,
802 2013 888 2096 quod
910 2013 979 2079 fllia
1000 2015 1046 2080 sic

334 2116 475 2201 Repente
497 2117 619 2202 expetit
641 2138 699 2196 me,
722 2124 760 2182 ut
781 2115 827 2182 ad
849 2137 916 2182 sese
938 2119 1026 2184 irem.

335 2219 410 2298 Nec,
434 2219 511 2304 quid
534 2219 565 2286 id
588 2221 639 2298 sit,
662 2219 742 2285 mihi
764 2221 883 2285 certius
905 2219 993 2300 facit,
1016 2221 1093 2303 quid

449 2324 545 2402 Velit,
568 2324 645 2407 quid
669 2345 719 2388 me
741 2322 888 2389 accersat
901 2327 938 2408 ¹).

103 2425 307 2492 Antecedunt
336 2425 500 2492 bacchiaci
533 2428 708 2493 tetrametri
723 2430 764 2508 8);
792 2449 811 2491 a
840 2450 868 2492 v.
893 2427 974 2492 764·
1001 2427 1138 2492 alterum
1166 2426 1279 2513 incipit

102 2536 243 2617 systema
264 2529 481 2614 bacchiacum,
506 2532 596 2596 cuius
618 2531 651 2595 in
673 2529 735 2597 fine
758 2535 805 2596 est
826 2516 982 2596 iambicus
1002 2529 1076 2596 dim.
1100 2537 1178 2597 cat:

405 2634 483 2698 774:
515 2633 551 2699 ld
575 2633 623 2700 est
645 2634 731 2717 quod
753 2632 948 2719 suspicabar.

11 2773 14 2780 ι
103 2736 195 2816 Quod
216 2736 259 2802 ad
280 2735 395 2802 Leonis
417 2759 526 2803 vorsus
557 2737 631 2804 inde
653 2759 673 2803 a
697 2738 759 2803 762
783 2737 825 2803 ad
852 2738 915 2802 764
936 2735 1121 2802 dimetiendi
1142 2737 1281 2820 pertinet

104 2840 271 2913 rationem,
294 2861 358 2905 non
380 2860 451 2906 eam
473 2839 678 2918 laudaverim,
701 2861 774 2906 cum
796 2860 972 2925 pronomen
995 2839 1086 2925 quid,
1117 2839 1203 2922 quod
1224 2838 1279 2904 ille

104 2943 220 3009 tribuit
240 2943 345 3008 versui
369 2943 458 3022 7632,
487 2944 520 3008 in
544 2943 707 3010 codicibus
729 2942 904 3010 adhaereat
924 2965 952 3007 v.
974 2943 1046 3008 764.
1092 2944 1196 3024 Atque
1218 2945 1279 3009 etsi

102 3047 187 3111 banc
209 3067 275 3112 rem
297 3067 354 3130 per
376 3067 409 3111 se
438 3067 502 3112 non
524 3049 629 3130 magni
653 3067 720 3113 esse
744 3048 894 3113 momenti
916 3045 1003 3111 haud
1026 3048 1148 3130 ignoro,
1170 3052 1279 3113 ncstm

101 3148 173 3215 luco
196 3149 277 3215 duae
299 3147 427 3215 obstare
449 3148 528 3215 milui
551 3150 698 3215 videntur
720 3171 850 3216 causae:
874 3151 1010 3235 primum
1033 3147 1161 3231 quidem
1183 3149 1279 3215 huius

102 3253 222 3318 cantici
250 3252 320 3318 cola
340 3252 374 3317 in
396 3252 559 3319 codicibus
580 3273 680 3335 usque
702 3273 829 3336 quaque
856 3253 994 3337 perbene
1023 3253 1166 3318 seiuncta
1194 3260 1278 3330 sunt,

102 3356 217 3422 deinde
247 3358 534 3440 manuscriptorum
564 3357 698 3424 lectione
728 3365 854 3424 servata
883 3356 972 3422 nullu
1000 3376 1107 3422 versus
1135 3357 1215 3422 763ει
1244 3365 1279 3423 et

102 3459 167 3524 764
188 3459 369 3526 dimetiendi
393 3465 441 3525 est
462 3459 651 3526 difficultas:

306 3581 400 3646 763⁸:
422 3579 489 3647 Nec
511 3580 588 3665 quid
610 3581 645 3647 id
667 3583 717 3660 sit,
740 3581 820 3646 mihi
841 3582 957 3647 certius
979 3580 1057 3648 facit

305 3787 323 3852 7
327 3787 387 3852 64:
410 3712 773 3870 Quid-llllthlil-ml
794 3719 939 3854 abc-eruat

604 3918 649 3954 uo
655 3922 811 3968 .....

102 3989 188 4056 763⁸
215 3996 262 4056 est
290 3990 426 4064 dimeter,
445 3991 637 4062 bacchiacus
659 4014 730 4057 cum
753 3991 899 4059 clausula
918 3992 1084 4078 (iambica)
1105 4028 1221 4058 o..e-
1237 3999 1275 4078 ⁴),

103 4115 188 4177 quae
209 4114 272 4160 uon
295 4116 370 4164 raro
392 4116 464 4162 cum
485 4095 628 4163 versibus
650 4095 831 4162 bacchiacis
853 4096 1023 4162 coniuncta
1045 4105 1104 4178 est,
1125 4097 1228 4163 velut:

1135 4222 1276 4232 ——q

192 4285 218 4355 1)
237 4284 278 4340 ef.
295 4302 360 4359 pag.
378 4287 404 4356 7,
424 4285 519 4341 adnot.
538 4287 577 4356 4).

192 4374 219 4444 2)
238 4373 303 4429 Vel:
321 4374 398 4444 velit,
417 4374 485 4443 quid
503 4392 548 4430 me
566 4369 692 4431 aecdrsat
709 4373 844 4442 (clausula
860 4371 1014 4440 Reiaiana).

190 4464 217 4534 3)
236 4463 365 4534 Excepto
384 4480 465 4520 versu
484 4466 545 4533 760,
565 4463 594 4518 in
607 4480 662 4532 quo
682 4460 844 4534 corruptela
864 4463 947 4517 etiam
969 4478 1100 4517 numeros
1119 4465 1275 4520 turbavisse

100 4550 221 4608 videtur.
365 4555 393 4620 4)
411 4552 452 4607 cf.
471 4552 539 4622 Leo,
556 4552 603 4609 die
621 4553 710 4623 plaut.
728 4555 812 4622 cant,
833 4567 897 4624 pag.
915 4555 960 4609 22.
