3267 5184
584 1023 815 1116 Praefatio.

197 1237 258 1315 Qui
274 1239 418 1302 homines
430 1237 516 1300 docti
532 1237 572 1300 de
588 1237 697 1320 lingua
708 1237 825 1302 Latina
840 1237 1047 1301 instituerunt
1060 1237 1286 1318 quaestionem,

111 1361 196 1422 quae
217 1340 339 1423 priores
361 1339 482 1404 fuerint
502 1337 635 1416 formae,
668 1361 749 1421 quae
776 1341 981 1423 posteriores,
1011 1341 1040 1403 ei
1068 1359 1176 1403 omnes
1199 1339 1288 1404 testi-

110 1443 219 1509 monia
234 1443 369 1508 maxime
385 1442 541 1506 Plautinis
556 1441 731 1507 hauserunt
746 1465 785 1508 cx
800 1442 927 1520 fabulis,
943 1442 1061 1525 quippe
1077 1462 1160 1524 quac
1174 1441 1287 1506 melius

111 1567 206 1630 quam
230 1551 335 1610 cetera
364 1545 491 1626 linguae
520 1545 653 1611 Latinae
682 1555 887 1610 monumenta
915 1545 1066 1629 pristinas
1093 1545 1288 1611 servaverint

111 1649 240 1714 formas.
286 1648 348 1713 Sed
370 1647 497 1713 eaedem
520 1647 647 1714 fabulae
668 1669 822 1732 persaepe
848 1647 1082 1732 permultosque
1109 1669 1165 1732 per
1187 1668 1288 1713 annos

111 1753 187 1816 viris
211 1751 313 1816 doctis
335 1751 492 1816 dederunt
507 1751 612 1828 verba,
636 1753 691 1834 qui
713 1773 814 1833 neque
830 1752 925 1835 plane
939 1751 1184 1834 perspiciebant,
1207 1771 1288 1834 quae

116 1854 336 1920 Plautinarum
359 1854 455 1918 fucrit
476 1857 559 1918 ratio
582 1860 762 1931 metrorum,
786 1875 889 1937 neque
911 1854 988 1919 satis
1009 1854 1132 1918 idoneis
1151 1853 1287 1919 uteban-

111 1962 165 2020 tur
187 1956 294 2020 Plauti
315 1956 515 2020 editionibus.

198 2061 301 2140 Atque
328 2066 464 2142 utraque
490 2080 541 2123 res
568 2059 685 2136 effecit,
713 2066 749 2124 ut
775 2059 995 2124 Stadelmanni
1018 2080 1143 2143 quoque
1170 2059 1288 2123 disser-

110 2164 205 2226 tatio:
222 2165 247 2244 1)
297 2160 346 2224 Dc
374 2163 549 2247 quantitate
577 2164 732 2226 vocalium
760 2162 899 2227 Latinas
932 2183 1019 2227 voces
1047 2163 1287 2226 terminantium

113 2285 306 2346 quamquam
330 2286 387 2348 per
409 2286 442 2331 se
464 2265 567 2329 bonae
595 2265 680 2348 frugi
709 2267 820 2348 paucis
848 2267 941 2330 annis
971 2273 1139 2350 postquam
1169 2265 1289 2346 scripta

112 2374 162 2430 est
184 2367 367 2445 exoleverit,
397 2389 468 2432 curn
496 2368 546 2431 his
569 2370 721 2450 proximis
743 2369 959 2451 superioribus
981 2371 1074 2433 annis
1095 2369 1232 2432 virorum
1255 2367 1288 2431 in

113 2470 232 2535 fabulis
255 2471 411 2536 Plautinis
440 2473 723 2536 versatissimorum
752 2481 788 2537 ut
810 2472 942 2549 Goetz,
966 2473 1053 2549 Leo,
1077 2471 1124 2538 W.
1146 2471 1286 2555 Meyer,

114 2573 281 2650 Schoell,
305 2573 487 2657 Seyffert,
512 2574 675 2640 Skutsch
701 2577 818 2659 partim
848 2578 927 2641 scite
958 2576 1169 2657 divinitusque
1197 2595 1286 2638 reco-

113 2685 304 2759 gnoscerent
325 2677 490 2742 Plautinas
521 2684 553 2742 et
581 2678 710 2742 ederent
731 2681 847 2762 partim
871 2676 971 2760 usque
1003 2679 1044 2743 ad
1074 2678 1107 2742 id
1137 2677 1288 2759 temporis

112 2799 177 2844 non
199 2781 344 2846 inventas
373 2786 405 2844 et
427 2783 624 2846 canticorum
646 2790 678 2846 ct
699 2781 913 2846 diverbiornm
938 2782 1021 2864 leges
1044 2781 1191 2846 metricas
1212 2799 1289 2862 pro-

111 2883 234 2947 ferrent
255 2883 288 2946 in
312 2883 422 2948 lucem.

197 2986 301 3063 Quare
324 2988 523 3069 grammatici
544 3009 670 3070 quoque
697 2988 736 3052 de
758 2988 880 3070 integro
903 3008 1056 3069 quaerere
1079 2989 1182 3053 coacti
1204 2994 1287 3065 sunt,

113 3096 220 3153 utrum
245 3111 300 3154 eae
323 3089 459 3167 formae,
496 3112 578 3173 quae
606 3092 682 3172 quin
716 3092 749 3154 in
777 3091 887 3174 lingua
907 3090 1025 3155 Latina
1049 3097 1195 3157 servatae
1225 3091 1289 3154 sint

111 3200 190 3257 ante
211 3191 269 3256 hos
289 3214 390 3257 annos
412 3214 505 3258 nemo
527 3194 592 3258 fere
614 3194 793 3270 dubitabat,
817 3215 852 3258 re
871 3215 946 3259 vera
967 3195 1000 3257 in
1022 3193 1180 3259 Plautinis
1201 3213 1288 3275 repe·

111 3296 239 3361 riantur
273 3295 389 3362 fabulis
422 3319 463 3360 an
496 3298 679 3380 opinionum
711 3297 830 3362 fuerint
856 3304 1042 3362 commenta.
1087 3300 1190 3380 Atque
1212 3296 1289 3360 mihi

112 3398 240 3479 quidem
266 3407 383 3464 certam
400 3401 626 3481 grammaticae
648 3408 771 3485 partem
794 3402 827 3464 in
852 3401 958 3464 animo
980 3407 1030 3465 est
1051 3400 1154 3465 denuo
1176 3419 1289 3464 vocare

110 3502 146 3565 in
171 3503 386 3584 quaestionem
412 3510 443 3566 ct
458 3503 611 3570 disserere
633 3505 676 3569 dc
698 3503 896 3569 vocalibus
917 3503 1116 3586 productis
1130 3503 1288 3569 Latinas

111 3625 208 3686 quae
229 3606 443 3671 terminant
464 3627 574 3672 voces
595 3608 653 3671 vel
675 3608 985 3672 terminaverunt

203 3779 229 3847 1)
248 3779 409 3833 Basiliensis
428 3797 452 3833 a.
473 3783 549 3835 1884.
