3267 5184
188 317 235 382 De
256 318 417 384 vocalibus
439 317 603 402 productis
625 318 756 386 Latinas
779 342 872 385 voces
893 321 1146 387 terminantibus.
1213 323 1252 386 31

283 541 353 568 o..o
375 509 448 589 quis
470 529 528 573 nos
551 510 644 591 pater
664 516 723 574 aut
744 507 898 590 signatus
920 509 1004 574 volet

277 607 402 675 Contra
424 610 506 674 tueri
529 613 763 695 -o..o.o..1).

77 711 192 794 Neque
214 717 334 792 amen,
369 714 429 778 nisi
452 713 561 792 fallor,
591 734 765 798 pronomen
788 735 845 778 aon
867 734 947 798 opus
968 723 1018 780 est
1039 722 1256 798 transponere,

78 823 113 880 et
135 816 323 881 coniecerim
354 817 433 882 haee
459 817 556 883 verba
586 839 624 882 ex
646 817 828 900 tragoediae
849 818 914 900 (vel
937 819 1128 901 comoediae)
1151 820 1256 883 cuius·

78 919 154 984 dam
178 926 269 1002 parte
292 920 394 1003 petita
415 941 493 998 esse,
517 940 600 1002 quae
622 920 793 986 trochaicis
815 941 854 984 ex
876 923 1062 1003 septenariis
1082 930 1153 987 erat
1174 942 1257 987 com-

77 1023 204 1106 posita:

254 1158 362 1204 amo,
386 1161 466 1190 -o-
490 1128 561 1210 quis
583 1128 674 1209 pater
699 1135 754 1192 aut
776 1127 933 1210 dignatus
956 1128 1040 1193 volet

253 1228 318 1294 Nos
340 1236 451 1294 contra
473 1230 557 1294 tueri
580 1265 638 1307 -o,
662 1265 773 1308 -o-o,
797 1267 878 1293 -o-
893 1237 930 1314 ²).

166 1333 234 1397 lam
257 1333 414 1398 neminem
444 1331 573 1416 effirgiet
594 1331 673 1397 nihil
700 1333 750 1396 hio
773 1354 841 1398 esse
863 1335 951 1411 certi,
980 1333 1060 1398 nihil
1089 1336 1256 1418 explorati.

77 1437 116 1501 In
139 1436 243 1502 altero
265 1457 358 1502 versu
380 1435 526 1500 Enniano
550 1442 583 1500 et
604 1435 703 1514 verba
724 1439 846 1501 incerta
867 1443 944 1502 sunt
964 1443 997 1500 et
1017 1439 1157 1504 numeri:

167 1539 289 1604 Contra
311 1539 490 1604 oarinantes
512 1538 609 1604 verba
631 1545 730 1621 atque
752 1538 889 1604 obscena
912 1539 1068 1624 prolatus,

79 1663 165 1726 quae
186 1642 300 1708 scribit
322 1640 446 1708 Vahlen
468 1643 563 1725 (Anu.
590 1641 658 1705 181.
685 1641 778 1726 182):

663 1751 775 1810 eontra
797 1745 978 1810 carinautes

284 1847 390 1914 Verba
411 1846 513 1931 (atra)
534 1855 631 1930 atque
654 1848 790 1913 obscena
812 1847 968 1930 profatus.

80 1952 115 2016 L.
139 1949 274 2016 Mueller
295 1959 402 2016 autem
424 1949 504 2015 haeo
526 1950 622 2016 verba
644 1972 683 2015 ex
706 1951 831 2016 cantico
852 1951 981 2017 fabulae
1002 1952 1166 2016 cuiusdam
1189 1973 1257 2017 esse

80 2055 248 2138 suspicans
271 2055 405 2120 adnotat
426 2062 616 2137 anapaestos
640 2057 678 2135 (v.
701 2055 773 2118 444.
796 2054 861 2118 445
882 2053 977 2139 fab.):

385 2191 493 2221 ors-oo
514 2157 628 2222 eontra
650 2157 833 2223 earinantds

384 2259 489 2324 Verba
511 2261 609 2346 oeque
632 2259 771 2325 obscena
793 2260 949 2344 profatus.

168 2363 311 2446 Denique
334 2362 468 2446 syllaba,
492 2363 531 2428 de
554 2384 618 2445 qua
639 2363 782 2440 dicimus,
805 2363 911 2428 brevis
934 2371 992 2429 aut
1012 2363 1168 2447 producta
1190 2377 1257 2428 esse

79 2474 190 2551 potest
210 2470 276 2531 Ait.
300 2466 362 2530 538
385 2465 470 2551 (R.):

190 2569 290 2646 Quem
312 2568 415 2652 neque
435 2567 520 2634 tueri
542 2569 654 2634 eontra
676 2575 780 2652 neque
802 2568 896 2636 affari
918 2591 1028 2652 queas,

79 2673 143 2740 vel:
902 2736 914 2752 ,

188 2776 288 2854 Quem
310 2773 414 2859 neque
436 2775 655 2840 tudri'odntra
675 2774 780 2858 neque
802 2774 896 2840 affari
917 2796 1015 2858 queas
1031 2780 1062 2856 ³).

168 2879 299 2944 Omissis
321 2879 418 2962 igitur
440 2879 587 2944 omnibus
606 2877 684 2943 locis
703 2879 832 2944 incertis
847 2886 971 2944 restant
985 2879 1049 2944 duo
1066 2879 1178 2962 Amph.
1194 2880 1256 2946 217

80 2991 113 3048 et
135 2981 248 3048 Pseud.
273 2982 347 3060 156,
380 3001 514 3064 quorum
544 2981 625 3046 alter
647 3003 668 3046 a
689 2981 815 3047 finalem
838 2983 872 3046 in
899 2990 1008 3046 contro
1029 2983 1162 3065 praehet
1184 3005 1259 3068 pro-

81 3086 221 3162 ductam,
244 3085 326 3151 alter
349 3085 484 3150 brevem.
528 3084 620 3162 Quod
642 3106 714 3150 oum
736 3086 784 3150 ita
806 3085 862 3162 sit,
890 3085 1009 3169 triplex
1030 3092 1137 3151 exstat
1158 3088 1258 3152 ratio:

81 3195 141 3254 aut
162 3188 296 3254 Plautus
324 3189 502 3272 promiscue
529 3208 605 3254 usus
635 3197 685 3253 est
711 3188 822 3254 formis
844 3196 955 3253 contra
976 3196 1011 3254 et
1031 3196 1162 3270 contra
1192 3198 1259 3267 aut,

80 3299 120 3358 ut
142 3291 227 3374 apud
251 3291 400 3357 Plautum
422 3290 566 3357 deleatur
586 3292 691 3357 forma
709 3299 827 3374 contro,
851 3292 1057 3376 corrigendus
1079 3301 1128 3358 est
1149 3313 1258 3358 versus

81 3395 199 3478 Amph.
221 3394 300 3470 2173
327 3401 383 3460 aut
411 3394 485 3459 huic
513 3400 626 3477 poetae
655 3395 824 3478 (simulque
847 3395 973 3478 ceteris)
1004 3394 1189 3478 deroganda
1210 3402 1259 3461 est

81 3500 188 3565 forma
209 3504 326 3563 contra
370 3497 532 3576 Quomodo
559 3497 800 3564 diiudicandum
831 3503 886 3574 sit,
918 3520 981 3563 non
1004 3519 1043 3563 ex
1064 3498 1114 3563 his
1135 3498 1258 3564 duobus

81 3602 227 3668 versibus
249 3600 379 3685 (Amph.
394 3602 467 3665 217.
503 3599 615 3667 Pseud.
635 3601 711 3687 156)
733 3602 810 3684 ipsis
833 3601 981 3685 colligere
1002 3622 1180 3684 possumus,
1203 3602 1258 3666 sed

81 3704 323 3771 deliberandum
347 3710 408 3782 est,
437 3724 593 3786 quaenam
616 3706 699 3770 ratio
727 3705 770 3770 sit
791 3705 975 3769 verisimilis.
1020 3704 1160 3770 Primum
1183 3725 1257 3770 oon·

80 3806 239 3874 tenderim
261 3806 410 3873 Plautum
439 3827 503 3871 non
530 3808 708 3890 promiscue
735 3828 827 3872 nsum
855 3828 924 3873 esse
953 3807 1063 3873 formis
1090 3814 1201 3872 coare
1226 3816 1259 3872 et

81 3915 216 3991 contra·
245 3910 279 3976 id
308 3910 395 3993 quod
424 3931 461 3976 eo
488 3911 558 3994 ipso
581 3917 729 3996 apparet,
759 3910 846 3994 quod
867 3910 1001 3978 Plautus
1022 3911 1259 3978 accuratissime

174 4107 200 4170 1)
224 4103 256 4157 1..
282 4103 401 4158 Mueller
437 4120 472 4157 ex
506 4103 549 4156 his
582 4104 675 4159 verbis
704 4103 829 4157 restituit
862 4104 1036 4159 trochaicum
1068 4105 1257 4173 septenarium

116 4235 122 4247 .
179 4194 221 4246 8:

82 4197 114 4262 (v
142 4195 176 4248 42
196 4192 206 4262 i
251 4279 317 4348 Quis
335 4279 418 4350 pater
436 4283 538 4335 eontra
555 4279 629 4334 tudri
647 4279 696 4334 nos
715 4283 764 4334 aut
783 4278 919 4349 cognatus
938 4279 1035 4334 volet?

174 4371 204 4439 2)
227 4370 350 4423 Primum
374 4367 474 4437 pedam
503 4369 639 4438 trochaici
664 4373 734 4438 sept.
758 4367 938 4438 dipodiarurn
967 4369 1059 4438 legem
1089 4367 1258 4438 neglegendi

82 4460 190 4516 habere
208 4458 351 4513 licentiam
369 4457 436 4510 satis
455 4462 573 4511 constat.
611 4456 651 4510 Of.
671 4457 714 4511 W.
733 4457 837 4525 Meyer,
857 4458 875 4510 l.
894 4476 917 4512 e.
936 4474 999 4526 pag.
1019 4459 1063 4512 43.

175 4551 201 4618 3)
221 4545 261 4600 Cf.
281 4563 344 4615 pag.
364 4548 399 4598 30
417 4545 511 4599 adnot.
534 4547 568 4616 l).
