3267 5184
363 341 385 406 4
781 343 937 428 Georgius
959 340 1115 428 Wedding

415 567 419 582 ι
448 591 450 596 .
516 530 698 613 Sequimini.
719 530 729 618 ιι
751 531 848 612 Ιλιιιο,
872 533 949 598 edre
970 529 975 616 ι
998 531 1032 596 ιιι
1054 530 1087 597 td
1108 531 1152 597 sit
1175 533 1268 599 mdra
1287 532 1376 612 mibi,

314 654 317 659 ·
364 635 418 716 qui
440 634 555 713 hiatus,
578 655 772 718 quamquam
801 657 867 702 non
893 642 942 702 est
962 635 1135 719 legitimus,
1162 637 1196 701 ιιι
1216 643 1267 702 tot
1288 639 1449 703 invenitur
1471 659 1544 702 rer·

364 737 459 815 sibus,
483 739 566 802 utin
586 758 624 804 eo
646 740 849 822 agnoscendo
869 739 951 805 nihil
973 739 1014 804 sit
1031 737 1229 806 diffioultatis
1250 747 1284 806 st
1303 739 1487 808 offensionis
1504 742 1542 825 1).

449 860 566 927 Versus
588 858 703 926 Baeoh.
725 861 789 926 255
810 867 936 928 autem:

578 981 750 1060 Volcanus,
774 982 837 1062 Sol,
861 983 960 1063 bunt,
983 983 1068 1064 Diis,
1093 984 1144 1051 dei
1166 987 1319 1068 qntttuor

364 1088 525 1154 olandioat
546 1085 711 1153 deficiente
738 1108 873 1154 caesura
893 1088 1121 1172 semiquinaria
1147 1109 1251 1172 neque
1279 1086 1543 1172 semiseptenaria

362 1199 449 1258 reete
479 1190 601 1258 effecta.
661 1190 765 1268 Quare
797 1212 906 1257 omnes
944 1190 1011 1259 fere
1045 1192 1227 1260 fabularum
1257 1192 1364 1258 Plauti
1401 1191 1542 1258 editores

363 1297 477 1362 Guisto
498 1315 627 1370 suasore
654 1294 782 1360 nomina
803 1297 935 1380 propria
963 1295 1045 1362 Solis
1066 1304 1100 1363 et
1121 1296 1236 1362 Ιιιιιιαιι
1262 1304 1539 1380 transposuerunt,

361 1398 395 1464 id
416 1397 500 1482 quod
517 1397 660 1475 Gorssen,
682 1405 720 1463 ιιι
741 1406 847 1464 servet
860 1419 882 1462 o
897 1398 1037 1467 litteram
1056 1399 1256 1483 productam,
1278 1398 1419 1466 minture
1432 1397 1542 1463 studet

361 1503 411 1568 bis
432 1501 536 1569 verbis
549 1503 592 1584 ἰι
615 1500 680 1581 ,,Ει
702 1501 745 1566 ιιι
765 1499 822 1568 der
836 1502 932 1568 sache
953 1502 1036 1570 nauh
1051 1503 1260 1582 nstiirlioher,
1282 1503 1358 1568 dass
1375 1507 1441 1568 erst
1455 1500 1538 1578 Sol,

236 1629 238 1634 ’
361 1607 448 1674 daun
468 1605 579 1672 Luna
605 1611 747 1688 genennt
773 1604 881 1670 wird“.
923 1605 993 1692 Ego
1019 1606 1148 1690 quidem
1180 1608 1247 1673 eius
1268 1614 1377 1692 partes
1397 1626 1463 1675 non
1484 1624 1538 1672 se·

362 1717 457 1780 antus
477 1711 554 1776 sim:
577 1714 689 1788 eontra
711 1708 911 1775 verisimilius
932 1711 1009 1776 mibi
1031 1717 1081 1775 est
1101 1711 1134 1774 in
1155 1710 1217 1778 bae
1237 1709 1440 1778 enarratione
1461 1729 1540 1774 ron-

363 1814 450 1898 inngi
472 1811 576 1878 Solem
598 1818 631 1876 et
651 1810 741 1875 Diem
763 1831 858 1893 quarn
883 1814 966 1878 inter
993 1814 1051 1879 bos
1073 1814 1232 1896 interponi
1255 1812 1393 1889 Lunam3
1426 1831 1538 1894 quarn·

362 1938 459 2000 quam
481 1915 610 1980 omuino
631 1934 694 1980 non
716 1914 945 1998 postulandum
967 1924 1028 1994 est,
1056 1923 1092 1982 ut
1118 1917 1150 1980 in
1172 1916 1239 1992 eius
1260 1917 1383 2000 generis
1404 1935 1538 1980 enarra-

360 2021 499 2086 tionibus
520 2023 631 2102 poetae
653 2017 776 2082 ratione
799 2016 972 2102 disponant
994 2021 1125 2086 nomina
1146 2028 1180 2084 et
1203 2020 1265 2103 ipsi
1287 2037 1537 2101 usquequaque

361 2145 466 2191 seeum
490 2120 689 2188 eonsentiant
703 2123 742 2204 ³).
791 2119 900 2204 Neque
931 2130 1038 2190 tamen
1071 2142 1153 2205 nego
1186 2143 1245 2188 usu
1276 2128 1437 2206 reoeptnm
1468 2141 1538 2186 esse

362 2228 514 2308 ordinem,
536 2245 627 2308 quern
644 2225 867 2309 inscriptiones
882 2245 1008 2309 quoqne
1022 2231 1188 2302 testantur,
1211 2231 1248 2290 ut
1261 2226 1364 2310 primo
1385 2222 1455 2288 loeo
1476 2243 1537 2288 no·

361 2333 497 2396 minetur
527 2328 594 2404 Sol,
629 2327 768 2394 seeundo
793 2327 900 2406 Luna,
932 2327 987 2396 sed
1019 2329 1099 2394 haeo
1129 2329 1200 2412 ipsa
1226 2349 1277 2394 res
1305 2328 1413 2392 neseio
1440 2346 1536 2408 quem

359 2432 524 2498 librarium
544 2431 667 2496 videtur
689 2433 906 2508 commovisse,
927 2437 964 2495 ut
989 2431 1119 2496 uomina
1139 2430 1221 2497 Solis
1242 2437 1275 2495 et
1295 2429 1407 2495 Lunae
1428 2437 1537 2493 trans·

360 2542 499 2619 poneret.

444 2656 544 2722 Porro
566 2675 689 2723 rursum
711 2655 828 2722 Baoeb.
852 2656 928 2722 584:

488 2778 574 2856 Quae
596 2777 629 2842 td
652 2778 739 2844 mala
760 2767 840 2843 crux
860 2779 974 2861 agitat,
997 2778 1053 2859 qui
1075 2776 1116 2841 ad
1138 2777 1246 2841 istdno
1266 2775 1396 2840 modum

359 2883 421 2948 bae
442 2883 566 2948 ratione
587 2901 651 2946 non
672 2881 828 2965 praebent
849 2881 976 2945 eodiees
1003 2878 1104 2956 BCD,
1136 2878 1191 2945 sed
1213 2879 1356 2944 oodiouns
1378 2877 1420 2943 ab
1443 2876 1537 2942 Italis

359 2990 572 3050 oorreotorum
594 2985 787 3068 scripturam
815 2990 913 3065 etque
935 3003 1008 3048 oum
1029 2979 1112 3046 Bon
1133 3001 1194 3065 pro
1219 2979 1352 3046 relativo
1373 2999 1454 3065 quoe
1474 2977 1538 3043 ha-

358 3089 455 3154 beant
476 3087 607 3153 formam
631 3089 700 3172 qui,
728 3087 806 3152 satis
833 3090 970 3170 apparet
998 3083 1085 3150 iliam
1114 3084 1250 3149 formam
1279 3102 1359 3168 quoe
1380 3079 1536 3146 ltulornm

358 3211 426 3257 esse
449 3192 660 3256 coniecturum
688 3188 809 3254 seilicet
839 3186 1088 3271 improbabilem.
1140 3186 1328 3267 [delinquam
1356 3184 1390 3248 in
1417 3180 1536 3260 medio,

358 3315 452 3378 quem
473 3293 515 3359 ad
537 3293 664 3358 modum
679 3291 897 3358 emendandus
916 3291 959 3356 sit
980 3289 1032 3356 bio
1053 3309 1162 3355 versus
1175 3293 1216 3370 *ιι
1238 3287 1272 3352 id
1293 3307 1390 3352 unum
1407 3290 1540 3351 eonstat

358 3395 581 3463 dimetiendum
605 3415 687 3460 esse:
711 3431 795 3460 .ι..
817 3402 846 3460 ιι
867 3393 953 3458 molo
975 3414 1063 3458 orsa.

445 3517 565 3583 Deinde
595 3515 674 3581 fides
705 3514 889 3599 deroganda
917 3521 966 3580 est
988 3515 1091 3579 versui
1112 3511 1155 3578 26
1183 3511 1308 3594 prologi
1329 3509 1539 3576 Mercatoris:

401 3677 406 3688 .
433 3677 437 3687 .
588 3619 715 3704 Ιιιιιριιιι
737 3619 936 3700 stultitiaque
958 3617 1039 3684 tdeo
1061 3623 1095 3683 et
1115 3615 1286 3681 mneritas

359 3725 440 3791 Nam
461 3726 494 3790 in
510 3723 589 3789 Mus.
605 3723 704 3788 Rhsn.
727 3721 832 3788 XXVI
847 3722 908 3787 rol.
930 3742 1004 3805 pag.
1019 3719 1081 3785 437
1107 3724 1193 3784 reete
1214 3717 1361 3801 exposuit
1379 3715 1541 3783 Dziatnko

358 3828 442 3893 bane
464 3826 587 3911 prologi
602 3833 724 3910 partem
740 3847 806 3891 non
828 3846 896 3890 esse
911 3823 1029 3900 Plauti,
1052 3822 1107 3887 sed
1127 3822 1204 3886 mali
1224 3827 1339 3905 poetae
1358 3819 1542 3887 inlaoetarir

358 3933 602 4009 enarrationem,
624 3931 689 4013 qui,
711 3937 748 3994 ut
768 3931 835 3996 iarn
854 3929 893 3993 R.
913 3925 1048 3993 Mueller
1069 3932 1102 3992 et
1122 3926 1157 3992 0.
1179 3925 1216 3990 F.
1241 3924 1286 3989 W.
1308 3922 1443 3989 Mueller
1463 3943 1542 4007 per-

446 4129 471 4194 1)
488 4124 619 4179 Fortasse
636 4122 877 4193 transponendum
896 4126 952 4178 est:

414 4281 417 4288 ι
595 4211 757 4281 Sequimini.
772 4213 782 4280 ι
795 4212 883 4275 Lino,
902 4210 970 4266 eive
988 4209 1072 4265 sitin
1090 4214 1120 4264 te
1137 4205 1218 4263 mors
1235 4206 1314 4262 mihi.
1340 4241 1349 4248 -

444 4300 677 4371 Dbossffib

444 4392 470 4458 3)
490 4389 576 4458 Mero.
597 4391 613 4442 ὁ
631 4387 673 4456 sel
689 4388 806 4458 ponitur
825 4391 893 4442 ante
912 4386 1014 4455 ιιιιιιιιιι,
1035 4385 1085 4442 sed
1101 4403 1128 4442 v.
1146 4389 1164 4440 4
1182 4401 1236 4438 aas
1253 4389 1319 4439 ante
1337 4382 1416 4439 dmm.

442 4480 468 4545 4)
487 4477 607 4548 Seyffert
628 4478 777 4548 proponit:
806 4476 886 4546 qui(d
905 4475 967 4540 est?
992 4475 1076 4545 quite>
1102 4480 1132 4529 te
1157 4473 1230 4530 mals
1255 4491 1324 4528 ornx
1344 4492 1434 4540 ....;
1458 4471 1539 4532 Iaso:

354 4567 425 4638 (dio)
442 4566 513 4634 quat
533 4571 561 4620 te
580 4564 653 4619 mila
672 4583 748 4618 orus.
874 4608 876 4612 .
