3267 5184
381 325 423 390 34
787 323 941 408 Georgius
966 323 1122 408 Werlding

425 512 484 578 33:
506 512 548 576 m
569 513 654 596 ripas
676 516 806 596 raptare
827 514 976 597 locosque
999 534 1106 580 neves.
1128 512 1182 579 Ita
1202 511 1278 579 selu.

426 617 501 682 119:
524 617 564 680 Et
586 616 679 681 simul
702 615 811 700 effugit
832 638 939 702 speres
961 619 1008 683 ita
1028 617 1167 683 funditu'
1189 622 1323 681 uestras.

383 721 485 804 Atque
520 719 611 786 mulli
644 726 771 785 exstant
791 741 900 786 versus
926 721 1080 799 Plautini,
1110 720 1165 785 ubi
1186 721 1268 786 ictus
1294 725 1343 784 est
1365 719 1400 783 iu
1428 716 1545 802 syllaba

381 831 429 887 -ts
454 829 487 887 et
512 822 594 889 duee
623 830 798 906 sequuntur
825 824 977 908 syllabae,
1012 845 1147 908 quarum
1179 825 1282 907 prima
1308 842 1372 887 uns
1408 843 1478 887 cum
1502 824 1547 885 -ai

381 925 478 992 efficit
509 928 595 992 arsin
622 926 767 1005 solatum,
802 928 904 993 altera
938 929 1054 996 thesin.
1107 928 1205 993 (luins
1231 927 1278 992 rei
1309 925 1453 1010 exempla
1478 929 1547 989 suut

380 1029 474 1096 haec:

380 1133 497 1199 Bacch.
521 1132 597 1198 751:
625 1131 706 1210 Quia
732 1131 775 1196 mi
797 1131 845 1198 ita
866 1131 967 1198 lubet:
997 1133 1087 1217 pitin
1109 1139 1145 1197 ul
1166 1133 1259 1197 eiures
1283 1130 1317 1196 te
1338 1137 1434 1213 alque
1455 1136 1492 1194 ul
1511 1128 1546 1193 ne

1319 1234 1434 1318 parcas
1455 1231 1548 1297 mihi?

381 1341 450 1406 Oas.
477 1339 552 1405 115:
574 1337 625 1404 lta
647 1338 750 1403 selent
771 1337 881 1404 hmues
902 1359 985 1421 quae
1006 1340 1081 1405 sunt
1102 1337 1185 1404 male
1205 1340 1334 1422 nuptae.

386 1443 461 1510 eisc.
486 1444 561 1508 151:
583 1441 634 1506 Its
655 1443 837 1525 preperlvit
858 1440 898 1506 de
920 1441 1050 1526 puellae
1071 1441 1227 1526 preloqui.

381 1546 472 1612 Cure.
497 1546 552 1611 48:
570 1544 658 1624 Quid
681 1546 747 1610 illa?
773 1553 787 1622 11
818 1545 901 1624 Qula
922 1546 1087 1630 preprium
1102 1545 1202 1610 faeie:
1223 1545 1296 1610 ami)
1317 1542 1437 1628 pariter
1450 1540 1548 1607 mmul.

381 1650 448 1715 Mil.
473 1649 563 1713 1260.
586 1648 669 1714 Tene
698 1671 757 1727 me,
792 1649 934 1714 ebsecrsi.
951 1648 1119 1727 llQuerln
1136 1647 1185 1712 Nc
1207 1647 1329 1714 eadam.
1351 1647 1364 1730 1
1385 1646 1467 1724 Quid
1490 1645 1548 1709 ila?

599 1768 601 1774 ·
683 1831 685 1837 Ι
1169 1760 1181 1828 Ι
1211 1751 1292 1830 Qum
1314 1751 1399 1815 stare
1419 1749 1547 1831 nequeo.

382 1856 475 1920 Most.
497 1855 574 1920 685:
596 1854 653 1920 lta
668 1863 740 1920 mes
762 1855 897 1921 sensilia
917 1855 1058 1939 undique
1080 1856 1245 1938 eppuguas
1267 1855 1359 1921 male.

382 1959 477 2025 Peen.
502 1959 578 2025 691:
601 1958 683 2037 Quid
707 1960 775 2024 ila?
790 1973 802 2035 11
820 1958 913 2037 Quia,
934 1959 986 2044 <a>
1010 1961 1129 2024 muscis
1150 1960 1178 2022 si
1200 1961 1242 2023 mi
1265 1958 1435 2041 hospitium
1458 1956 1549 2040 quse·

1418 2081 1547 2124 ¹rerem.

383 2165 497 2229 Pseud.
522 2166 576 2230 ll:
605 2164 688 2242 Quid
702 2166 767 2230 ile?
799 2175 810 2243 ΙΙ
839 2166 947 2232 Genus
968 2165 1110 2231 nestrum
1134 2165 1258 2249 semper
1278 2161 1471 2230 slececuliim
1484 2163 1547 2227 luit.

380 2267 512 2334 Praeter
538 2267 596 2332 hes
619 2269 938 2352 versusccmprebal
960 2269 1114 2354 syllabam
1137 2269 1261 2334 brevem
1285 2267 1365 2334 Rud.
1388 2268 1467 2332 212:

610 2372 673 2436 Aul
699 2373 783 2437 viam
810 2380 867 2438 sul
894 2372 1037 2440 semitam
1069 2372 1224 2437 minstret
1250 2373 1297 2436 ita
1322 2392 1417 2447 nunc,

382 2477 414 2541 i.
432 2475 616 2540 coroticus
639 2474 714 2540 dim.
738 2484 819 2542 acet.
842 2498 915 2541 eum
937 2476 1080 2542 clausula
1102 2513 1138 2522 -
1152 2510 1218 2538 υυυ
1230 2513 1280 2537 -.

465 2577 582 2643 Tamen
595 2598 658 2641 non
672 2577 839 2644 mediocris
851 2586 957 2645 exstat
967 2601 1117 2645 numerus
1131 2599 1287 2656 versuum,
1302 2578 1336 2642 in
1350 2575 1464 2661 quihus
1487 2576 1547 2660 syl·

381 2681 456 2746 leba
479 2688 525 2746 ·la
546 2679 701 2765 producta
729 2682 854 2748 videtur
875 2704 953 2762 esse,
984 2703 1073 2767 quos,
1106 2685 1164 2748 etsi
1186 2681 1226 2746 de
1247 2687 1339 2765 psile
1360 2701 1468 2746 eorum
1490 2682 1549 2743 iam

384 2786 480 2851 verba
499 2785 576 2850 feeit
602 2784 635 2849 Ο.
658 2783 692 2848 F.
716 2784 763 2852 W.
787 2785 920 2853 Mueller
928 2787 963 2872 ¹),
988 2807 1051 2851 uon
1074 2805 1340 2871 supervacaneum
1368 2786 1429 2850 erit
1450 2784 1549 2848 denuo

380 2895 529 2954 accurate
553 2908 749 2972 componere.

469 2995 501 3070 1)
525 2989 573 3054 Ex
594 2991 756 3056 diverbiis:

382 3094 495 3177 Amph.
521 3095 616 3159 1017:
651 3094 719 3161 Tua
740 3094 868 3160 Bremia
890 3095 1016 3160 aneilla.
1034 3103 1047 3171 ΙΙ
1060 3093 1156 3174 'selus
1178 3098 1284 3175 limes,
1308 3096 1355 3160 its
1376 3116 1426 3160 me
1454 3090 1550 3158 inere

1311 3200 1382 3283 pult
1402 3197 1550 3280 Iuppiter.

383 3301 499 3385 Amph.
529 3302 624 3366 1081:
651 3302 858 3385 Amphitruo:
887 3303 934 3366 its
964 3302 1039 3388 mihi
1070 3303 1194 3368 animus
1223 3301 1428 3368 etiamnunc
1451 3299 1549 3365 abest.

1239 3406 1409 3489 lAgedum
1431 3401 1551 3488 expedi.

382 3509 468 3572 Asin.
493 3509 546 3572 18:
569 3507 620 3572 Ile
641 3515 673 3572 le
695 3508 840 3574 obtestor
861 3509 920 3592 per
941 3508 1136 3574 senectutem
1157 3516 1254 3575 luam.

381 3612 484 3676 Aulul.
508 3611 564 3674 69:
588 3609 677 3688 Queo
699 3613 908 3678 cemminisci:
935 3614 983 3677 itu
1005 3633 1054 3677 me
1077 3615 1224 3678 miseram
1246 3611 1287 3678 ad
1310 3612 1396 3676 hrine
1418 3610 1549 3676 medum.

382 3713 471 3796 Cept.
494 3715 548 3780 93:
575 3713 626 3778 Its
649 3736 734 3780 nunc
757 3715 944 3799 belligerant
965 3716 1068 3781 Aeteli
1091 3738 1162 3780 cum
1186 3716 1279 3781 Aleis.

381 3816 471 3901 Ceph.
494 3819 573 3883 372:
601 3817 702 3894 Quom
726 3819 910 3884 servitutem
933 3821 978 3882 its
1000 3819 1073 3897 fers,
1094 3822 1131 3883 ut
1152 3818 1227 3884 ferri
1248 3820 1346 3885 decet.

381 3922 451 3986 cas.
476 3919 645 3987 34311111
668 3921 700 3986 et
722 3920 874 3988 Chalino:
895 3924 942 4003 its
963 3943 1028 3986 rem
1051 3925 1160 3988 nsum
1181 3922 1342 4006 intellego.
1381 3995 1384 4000 ,
1462 3907 1464 3912 ’

381 4023 455 4088 cist.
478 4045 543 4106 arg.
570 4025 625 4089 10:
648 4025 762 4108 ltaque
783 4025 853 4108 lege
876 4027 991 4090 etrite
1014 4027 1111 4090 civem
1134 4027 1302 4110 ehguitam.

381 4128 472 4193 Cure.
499 4128 575 4192 667:
609 4128 710 4207 Quam
733 4129 773 4193 eb
807 4150 874 4194 rem
898 4131 1002 4194 istuc?
1053 4131 1065 4214 1
1111 4131 1194 4207 Quia
1226 4130 1280 4194 ille
1306 4129 1352 4194 ila
1372 4126 1550 4212 repremisit

1466 4230 1549 4294 mihi.

381 4333 475 4400 llere.
499 4333 575 4399 162:
598 4333 678 4399 Mihi
700 4335 827 4416 quidem
852 4335 968 4401 hercle.
986 4345 997 4414 11
1013 4337 1063 4401 Its
1085 4357 1135 4401 me
1156 4337 1279 4402 amabil
1300 4333 1453 4419 luppiter.

385 4477 513 4486 *—

249 4547 266 4570 ⁴
325 4584 340 4598 -.
471 4547 495 4615 11
514 4544 545 4598 L.
566 4563 589 4598 e.
609 4561 670 4615 pag.
692 4548 732 4598 14.
754 4547 794 4600 15.
