3267 5184
230 323 276 390 De
298 325 459 391 vocalibus
482 326 644 410 productis
668 327 798 392 Latinas
822 350 911 391 voces
934 328 1184 395 terminantibus.
1251 332 1292 394 39

117 555 247 617 quaque
277 535 353 616 (uno
383 540 515 618 excepto
543 534 628 620 loco)
658 535 741 600 duae
770 539 946 616 sequuntur
972 532 1124 617 syllabae,
1156 556 1291 619 quarum

116 638 222 720 prima
244 657 316 702 cum
348 636 471 721 syllaba
494 659 530 701 -o
554 639 639 704 arsis
675 636 776 704 efficit
799 636 949 716 solutam,
972 637 1075 702 altera
1097 636 1216 703 thesin:

117 740 212 824 Epid.
236 740 314 806 ¹177:
337 740 419 818 Quia
440 741 594 807 llcitdmst
616 763 686 806 eam
708 741 768 805 tibi
791 738 922 805 vivtndo
945 742 1079 806 vincere.
1096 741 1108 826 ΙΙ
1125 740 1185 805 Oh.

116 843 205 908 Pers.
218 839 296 909 255:
319 843 400 920 Quia
422 850 492 908 mdo
513 847 616 909 amico
637 843 781 909 amiciter
803 842 888 908 hanc
912 843 1145 909 commoditatis
1159 844 1292 928 cdpiam.

115 946 206 1012 Pers.
222 947 299 1012 546:
323 945 390 1012 Nisi
405 947 480 1031 quit
496 948 603 1032 specit
628 947 757 1031 quidem
774 946 886 1030 edepol
901 945 1063 1025 libertlist,
1075 948 1219 1029 quisquis
1233 955 1291 1012 est.

114 1050 202 1114 Trin.
226 1051 302 1116 938:
327 1049 394 1115 Nisi
416 1052 493 1134 quit
514 1050 602 1117 lubet
624 1049 772 1134 experiri,
796 1072 861 1133 quo
884 1050 1049 1116 evasurust
1071 1049 1216 1134 ddnique.

114 1149 210 1220 Truc.
236 1153 310 1234 786;
334 1151 401 1218 Nisi
423 1153 498 1238 quit
520 1155 616 1220 tlmeo
638 1155 780 1239 tamenl)
805 1202 935 1220 .....

203 1255 313 1340 Neque
334 1266 440 1322 tamen
462 1257 584 1335 desunt,
613 1258 667 1341 qui
695 1278 758 1322 uno
785 1257 895 1339 utique
924 1278 1016 1322 versu
1038 1257 1290 1324 coniunctionem

114 1363 193 1447 puio
215 1359 339 1427 efficere
361 1361 502 1426 iambum
525 1360 732 1428 contendant:
753 1360 849 1428 Mero.
870 1359 949 1426 395:

203 1464 264 1543 Qui
297 1461 397 1530 vert?
414 1473 424 1542 l
441 1464 523 1541 Quia
545 1466 738 1530 non'ndstra
760 1463 893 1529 formam
917 1463 1015 1530 habat
1036 1463 1164 1547 digntm
1186 1462 1289 1529 domo.

114 1567 208 1646 Quod
231 1588 288 1653 ego
316 1589 381 1632 non
409 1567 604 1660 crediderim.
648 1566 729 1632 Nam
766 1588 839 1634 cum
874 1567 971 1650 paulo
997 1574 1070 1651 post
1098 1567 1290 1633 inveniatur:

112 1694 141 1737 v.
169 1671 246 1737 405:
279 1669 389 1754 quue
427 1670 538 1736 sinam.
555 1671 567 1755 11
582 1671 643 1749 Qui
675 1667 771 1737 vero?
788 1677 798 1748 Ι
815 1670 898 1748 Quia
932 1670 989 1736 illa
1022 1669 1126 1736 ftrma
1156 1673 1292 1743 matrem

1142 1772 1289 1855 familias,

112 1877 207 1944 facile
238 1877 438 1956 adducimur,
474 1886 512 1944 ut
545 1878 579 1943 in
601 1899 693 1944 versu
716 1877 779 1943 395
802 1898 932 1962 quoque
955 1877 1152 1962 suspicemur
1179 1877 1288 1948 eadem
1324 1951 1326 1954 ,

113 1981 240 2048 ratione
270 1981 352 2048 ictus
378 1981 572 2048 distributos
596 1981 709 2048 fuisse:
743 1984 798 2067 qui
827 1982 923 2046 otro?
939 1983 952 2068 u
967 1981 1059 2062 Qullt,
1089 1987 1187 2064 atquc
1215 1988 1290 2048 ante

111 2088 168 2172 poi
189 2105 260 2150 vero
282 2085 444 2151 alibrario
468 2085 653 2152 coniecerim
682 2086 933 2152 interiectionem
958 2085 1120 2169 quandam
1140 2084 1287 2168 (fortasse

111 2189 166 2272 uls)
188 2209 257 2254 esse
277 2188 471 2272 omissaml).
732 2197 735 2202 “

687 2484 728 2550 ΙΙ.

477 2692 614 2754 Formae
636 2691 672 2752 in
696 2701 725 2754 -e
747 2695 919 2756 exeuntes.

312 2899 339 2961 1.
362 2897 525 2962 Ablotivos
545 2917 589 2982 sq.
612 2897 646 2960 in
670 2907 701 2959 -e
723 2896 835 2960 tertiae
858 2895 1085 2962 declinationis.

197 3035 234 3100 In
264 3036 400 3114 tertiam,
438 3056 521 3118 quae
554 3033 679 3110 dicitur,
720 3034 848 3117 linguae
879 3035 1013 3102 Latinae
1046 3035 1287 3102 declinationem

108 3140 191 3205 satis
212 3144 323 3203 notum
345 3148 395 3204 cst
416 3137 495 3203 duas
517 3135 707 3203 confluxisse
729 3137 975 3204 declinationes:
997 3145 1029 3203 et
1051 3139 1198 3222 stirpium
1219 3140 1252 3204 in
1274 3141 1288 3203 i

108 3251 144 3307 et
166 3260 285 3318 aarum
314 3263 396 3324 quae
418 3240 566 3306 desinunt
592 3242 624 3305 in
648 3258 838 3318 consonam3
878 3262 1012 3324 quarum
1038 3241 1286 3308 declinationum

108 3345 192 3412 haec
206 3343 306 3410 efficit
320 3344 493 3410 ablativum
511 3344 613 3430 incl),
636 3343 693 3408 illa
711 3345 780 3420 in-t,
805 3365 888 3428 quae
909 3353 981 3409 orta
1002 3351 1051 3410 est
1072 3345 1179 3410 exod.
1222 3347 1284 3410 Au·

108 3468 167 3514 rea
197 3447 378 3514 Latinitatis
415 3453 520 3513 aetate
548 3448 726 3531 promiscue
754 3455 886 3531 uterque
927 3447 1089 3532 profertur
1114 3447 1284 3526 ablativus,

110 3553 189 3634 quia
209 3552 326 3634 partim
351 3551 495 3634 stirpium
517 3552 549 3615 in
572 3550 810 3617 idesinentium
831 3556 1020 3637 receperunt
1042 3558 1076 3616 -ὄ
1088 3549 1217 3617 finalem
1232 3572 1284 3617 ea·

108 3675 192 3732 rum,
226 3674 308 3738 quae
342 3653 375 3718 in
399 3660 623 3720 consonantem
648 3661 772 3731 exeunt,
807 3657 924 3739 partim
948 3655 1093 3738 stirpium
1116 3657 1149 3719 in
1171 3676 1285 3721 conso-

109 3759 428 3824 nantemexeuntium
438 3757 838 3841 asciveruntiproductam.
856 3757 917 3824 Sed
923 3773 1028 3841 'usque
1035 3757 1077 3824 ad
1090 3759 1123 3824 id
1131 3761 1283 3842 temporis

110 3862 341 3928 contenderunt
349 3861 408 3926 viri
415 3861 502 3928 docti
512 3882 590 3926 aevo
603 3862 775 3927 vetustiore
791 3861 964 3944 ablativum
974 3883 1020 3946 sg.
1034 3862 1191 3946 stirpium,
1200 3884 1283 3947 quae

109 3964 231 4032 cadunt
252 3965 285 4029 in
308 3972 544 4042 consonantem,
568 3973 727 4030 servatum
749 3985 815 4030 esse
837 3966 870 4030 in
895 3979 927 4028 -e
947 3985 986 4029 ex
1009 3964 1072 4043 -ed,
1104 3985 1198 4048 quem
1220 3965 1284 4056 ab·

110 4069 244 4135 lativum
267 4069 436 4151 genuinum
465 4088 534 4133 esse
556 4068 727 4150 opinantur
748 4067 812 4146 alii,
843 4068 898 4132 alii
920 4088 991 4134 oum
1013 4089 1048 4132 re
1061 4087 1135 4134 vera
1156 4067 1284 4136 desiisse

107 4174 143 4238 in
160 4171 468 4256 ambustura,
490 4170 670 4254 *nominet
694 4178 726 4236 et
748 4171 851 4236 cosin
875 4171 929 4235 sd
943 4171 991 4234 -id
1005 4196 1013 4235 r
1035 4171 1148 4258 *med
1163 4171 1283 4256 (:iqne)

202 4366 226 4427 ll
244 4365 363 4436 Reliqua
381 4366 463 4420 huius
483 4383 578 4420 versos
597 4382 663 4435 pars
682 4382 767 4436 prave
786 4365 892 4421 tradita
911 4371 962 4421 est.

198 4454 224 4516 2)
244 4453 284 4508 of.
305 4453 431 4522 Mueller,
450 4454 559 4510 nachtr.
579 4470 644 4523 pag.
663 4455 688 4508 3.

200 4546 226 4612 3)
245 4541 321 4600 Haeo
340 4541 429 4600 forma
447 4549 489 4598 est
504 4547 630 4602 vetustus
645 4543 788 4601 locativus:
814 4545 912 4616 ponor&
927 4558 962 4596 ex
974 4548 1089 4613 penert:
1109 4559 1161 4601 scr.
1173 4541 1279 4611 janui.
