3267 5184
360 333 399 398 10
784 334 937 416 Georgius
962 333 1115 414 chding

443 521 503 598 Qui
525 522 558 586 in
589 544 615 586 v.
639 521 710 587 (las.
733 523 796 586 814
824 520 1052 586 nominativum
1081 541 1127 603 ag.
1153 520 1276 603 primae
1308 518 1539 585 declinationis

356 625 442 701 exire
465 625 660 691 contendunt
682 626 715 690 in
737 645 757 687 o
780 624 985 709 productam:

400 726 440 792 Di
461 726 567 794 hercle
588 727 639 794 me
661 730 984 812 cupiiutservdtum.
1029 727 1096 793 lam
1123 726 1247 792 oboluit
1269 726 1385 791 Casina
1407 726 1538 808 procul,

356 832 584 908 ementiuntur3
622 853 696 898 nam
729 853 832 915 neque
864 831 896 895 in
930 831 1140 897 Ambrosiano
1173 851 1275 914 neque
1306 830 1340 895 in
1375 828 1540 895 Palatinis

355 934 495 1000 traditus
516 941 565 1000 est
579 935 791 1001 nominativus
808 933 926 1000 Casino
947 933 1002 1001 sed
1024 934 1130 1018 potius
1146 934 1290 1000 Gcsinua
1327 932 1415 1011 Quae
1435 931 1539 998 lectio
1573 1017 1576 1022 1

356 1038 424 1102 sine
446 1035 543 1103 dnbio
576 1045 624 1104 est
655 1058 754 1122 prava
788 1059 906 1121 neque,
939 1043 976 1102 ut
1002 1035 1225 1115 confirmetur,
1257 1036 1394 1120 proferri
1414 1042 1538 1121 potest,

355 1139 441 1224 quod
462 1161 490 1204 v.
514 1141 577 1206 859
598 1139 731 1206 ridicule
753 1141 831 1206 dicit
852 1139 1050 1208 Pardalisca:

400 1241 502 1308 Lubet
524 1242 694 1310 Chalinum
723 1242 799 1328 quid
826 1251 903 1328 agat
923 1246 1019 1321 sciro,
1049 1243 1161 1308 novom
1191 1244 1327 1326 nuptum
1350 1263 1423 1308 cum
1446 1243 1538 1307 novo

1406 1347 1540 1412 marito.

357 1449 473 1514 Nostro
505 1449 575 1515 looo
609 1451 691 1515 enim
730 1452 773 1527 (v.
803 1449 881 1535 814)
920 1471 1013 1514 nemo
1050 1449 1191 1532 loquitur
1237 1449 1301 1514 nisi
1332 1448 1537 1534 Lysidamus,

356 1553 411 1636 qui
441 1553 576 1636 primam
609 1553 702 1618 huius
734 1573 842 1618 versus
874 1553 953 1618 dicit
983 1562 1121 1636 partem,
1152 1559 1210 1618 aut
1236 1551 1383 1638 Olympio
1409 1551 1536 1633 vilicus,

356 1676 488 1739 quorum
511 1662 645 1738 uterque
667 1657 795 1740 ignorat
817 1654 966 1722 Casinam
987 1676 1055 1721 esse
1076 1675 1186 1720 revera
1204 1655 1354 1720 Casinum
1368 1658 1404 1736 1).
1448 1653 1538 1720 Fieri

356 1780 430 1843 ergo
452 1781 516 1825 non
538 1765 653 1843 potest,
683 1764 720 1825 ut
746 1759 881 1825 formam
906 1760 1042 1825 Οασίπαε
1062 1758 1243 1843 probemus,
1273 1757 1329 1824 sed
1350 1757 1537 1824 emendatio
1621 1830 1622 1855 χ

356 1863 477 1929 incerta
499 1870 547 1928 est
568 1870 601 1929 et
621 1862 818 1948 ambigna).

442 1967 595 2044 Quoniam
629 1965 885 2048 quattuordecim
915 1965 962 2030 illi
995 1985 1115 2042 versus,
1150 1985 1239 2047 quos,
1273 1971 1309 2029 ut
1338 1986 1360 2029 a
1392 1964 1537 2030 littorum

356 2069 542 2134 nominativi
563 2089 606 2153 ag.
629 2071 749 2152 primae
778 2068 1002 2135 declinationis
1030 2069 1220 2151 productam
1242 2088 1311 2134 esse
1331 2068 1536 2147 confirment,
1621 2130 1622 2163 ζ

356 2195 395 2237 ex
417 2171 563 2237 diverbiis
584 2171 721 2239 afferunt
747 2173 805 2236 viri
833 2172 1023 2249 doctissimi,
1050 2173 1118 2237 sine
1147 2170 1245 2236 dubio
1271 2177 1345 2236 sunt
1368 2171 1536 2250 reiciendi,
1621 2174 1622 2229 l

356 2297 394 2340 eo
416 2278 517 2360 magis
539 2274 717 2341 diffidemus
740 2278 794 2353 eis,
823 2277 878 2359 qui
900 2274 1093 2341 adhibentur
1114 2295 1154 2339 ex
1175 2274 1319 2353 canticis,
1341 2281 1440 2357 atque
1462 2296 1537 2339 om·
1621 2266 1622 2333 l

358 2380 432 2444 nino
452 2378 544 2444 valde
565 2381 676 2457 miror,
704 2379 790 2461 qnod
816 2377 934 2444 talibus
960 2378 1038 2443 locis
1064 2379 1178 2444 iterum
1200 2378 1377 2460 iterumque
1399 2378 1536 2473 nimiam

357 2483 420 2548 vim
435 2483 704 2548 etauctoritatem
719 2483 901 2547 tribuerunt
918 2481 977 2546 viri
991 2480 1076 2548 docti
1098 2481 1314 2563 tribuuntque,
1337 2501 1538 2563 quamquam
1621 2464 1622 2527 l

358 2587 514 2651 neminem
548 2584 671 2670 effugit,
699 2607 794 2668 quam
825 2585 924 2650 dubia
950 2587 1145 2650 canticorum
1174 2585 1217 2648 sit
1245 2585 1328 2649 ratio
1350 2591 1540 2650 metrorum.

355 2691 437 2756 Sunt
458 2697 564 2754 autem
586 2689 620 2753 hi
642 2707 753 2753 novem
777 2709 894 2765 versus,
917 2689 972 2770 qni
993 2687 1186 2752 afferuntur:

398 2792 503 2857 Aulul.
528 2793 602 2857 135:
627 2792 676 2857 lla
697 2793 750 2870 mi,
773 2793 907 2874 optuma
928 2790 1056 2868 femina,
1080 2792 1211 2856 maurim
1225 2794 1258 2869 ³).

398 2895 514 2960 Bacch.
539 2895 635 2960 1128:
657 2893 715 2959 Pol
737 2894 833 2959 hodie
854 2895 957 2960 altera
978 2895 1040 2959 iam
1064 2894 1112 2958 his
1133 2890 1407 2958 detonsa-certost
1422 2896 1460 2973 ⁴).

399 2997 468 3063 Cas.
490 2997 570 3063 655:
593 2997 711 3063 Dicam.
746 2996 813 3062 Tua
835 2997 960 3075 ancilla,
980 3018 1074 3080 quam
1096 2997 1152 3061 tud
1175 2995 1268 3061 vilico
1290 2995 1336 3060 vis
1347 2995 1381 3077 ⁴).

399 3101 469 3167 Cas.
490 3101 567 3166 696:
591 3100 674 3179 Quid
696 3104 777 3166 rixor
799 3101 888 3165 mea?
916 3100 986 3164 Non
1009 3101 1089 3166 adiit
1110 3108 1207 3182 atque
1228 3097 1398 3181 ademitQ.

399 3205 477 3270 eas.
492 3205 572 3270 743:
596 3204 683 3269 Cena
705 3204 798 3269 modo
821 3207 848 3269 si
871 3205 914 3269 sit
936 3204 1028 3269 cocta
1041 3207 1081 3288 ὁ).

398 3308 480 3374 Men.
504 3307 583 3372 762:
607 3306 766 3384 Quidnam
788 3306 851 3372 hoc
872 3309 916 3372 sit
935 3307 1052 3390 negoti,
1076 3305 1160 3389 quod
1183 3305 1253 3370 illia
1274 3305 1319 3369 sic
1333 3309 1368 3386 ⁶).

396 3409 511 3476 Pseud.
536 3410 652 3475 127822:
674 3409 711 3474 ld
734 3410 793 3475 fuit
815 3409 931 3474 naenia
952 3409 1028 3474 ludo
1042 3413 1074 3491 7).

399 3515 484 3580 Tria.
506 3515 583 3580 251:
606 3513 677 3578 Nox
699 3513 815 3579 datur:
838 3512 964 3579 dicitnr
986 3512 1108 3578 familia
1128 3512 1247 3594 tow).

397 3617 488 3684 Truc.
512 3617 590 3683 4592
613 3617 709 3682 Lucri
732 3637 830 3683 causa
851 3619 949 3683 avara
969 3616 1123 3701 probnim
1146 3637 1215 3680 sum
1238 3617 1387 3681 exsecuta
1402 3618 1435 3696 9).

1389 3725 1541 3737 -Ὰ,

445 3759 472 3826 1)
490 3757 667 3813 Pardaliscee
694 3762 744 3812 aut
762 3757 873 3812 Chalini
896 3758 982 3828 ipsius
1009 3757 1096 3812 verba
1118 3773 1175 3810 uon
1197 3760 1276 3825 sunt,
1305 3757 1372 3825 quia
1396 3754 1451 3809 hae
1468 3774 1540 3828 per-

354 3864 439 3902 conae
457 3863 515 3901 non
533 3846 673 3917 prodeunt
694 3850 761 3901 ante
778 3865 803 3900 v.
822 3846 884 3900 ele.

441 3936 468 4006 2)
490 3920 598 3990 Occt'at
616 3934 717 4007 procul
734 3952 790 3991 non
813 3935 870 4005 legi
894 3938 1003 4005 potest,
1032 3951 1068 3988 ne
1093 3933 1189 3988 Oiatai
1212 3933 1378 4001 tribrachyn
1406 3930 1539 3990 efficiens
1621 3962 1622 4003 ,

354 4026 440 4082 ictum
459 4024 564 4082 habeat
582 4025 611 4078 in
630 4023 809 4094 paenultima.
827 4079 830 4084 ,
1621 4090 1622 4093 Ἴ

441 4115 470 4182 3)
488 4114 614 4168 Dimeter
635 4113 770 4168 iambicus
789 4115 861 4168 scat
881 4143 915 4152 -
925 4110 1038 4181 semina
1059 4116 1101 4166 est
1119 4110 1277 4177 vocativus,
1301 4108 1351 4164 sed
1369 4126 1426 4163 uon
1447 4108 1538 4166 detri-
1621 4126 1622 4129 ’

354 4206 449 4257 mento
470 4203 525 4258 erit
543 4201 579 4256 de
597 4202 651 4256 hoc
669 4219 751 4256 versu
769 4203 826 4256 iam
843 4200 890 4255 hic
909 4201 996 4254 verba
1014 4199 1116 4255 facere.

441 4292 468 4359 4)
487 4291 663 4345 Tetrameter
682 4290 851 4345 bacchiacus
870 4288 1051 4344 acatalectus.
1181 4285 1431 4354 armeniacus.

441 4382 469 4446 6)
487 4378 613 4433 Dimeter
631 4377 801 4432 bacchiacns
826 4395 890 4431 cnm
907 4376 1040 4431 Reiaiano
1065 4378 1074 4446 l
1076 4390 1227 4423 ννννν
1227 4377 1239 4446 )
1243 4419 1249 4432 .

442 4471 469 4536 7)
487 4468 624 4522 Trimeter
643 4467 763 4522 creticus
782 4465 971 4521 catalecticus.
1067 4469 1094 4534 8)
1113 4466 1289 4524 Tetrameter
1308 4463 1429 4523 creticus
1448 4469 1538 4528 catal.

443 4559 470 4628 9)
489 4559 665 4613 Tetramcter
683 4556 782 4613 bacch.
801 4560 875 4612 acat.
