3267 5184
238 347 284 412 De
307 347 466 412 vocalibus
488 345 651 424 productis
674 345 806 410 Latinas
828 363 920 409 voces
941 340 1197 408 terminantibus.
1269 340 1312 405 45

138 534 332 603 activischen
355 532 516 618 gebraach
541 532 596 599 des
616 531 769 598 infinitivs
790 531 850 598 anf
869 534 951 595 -iin
978 531 1034 596 der
1055 530 1184 608 formal,
1213 485 1313 594 durch

139 639 191 706 die
214 639 270 704 der
293 657 416 705 censor
431 637 488 702 des
518 635 591 702 volk
615 657 684 701 num
713 656 825 700 census
846 634 947 700 berief
966 633 1031 700 und
1055 635 1107 699 die
1127 655 1189 700 uns
1210 632 1314 698 Varro

7 750 16 786 l
138 741 173 808 L.
190 742 224 806 L
247 741 301 820 VI,
325 741 366 806 86
389 739 595 808 aufbewnhrt
616 739 688 804 hat:
709 741 738 804 si
759 740 830 824 quis
847 759 911 822 pro
931 759 964 802 se
980 759 1081 822 prone
1098 737 1315 801 nllerorats’o·
1377 728 1380 733 ⁴

140 866 211 910 nero
235 846 310 910 dari
332 844 417 909 nolet,
461 843 527 908 lam
550 862 646 926 snpra
676 863 749 908 cum
771 842 814 906 de
841 842 954 907 tertiae
979 840 1202 906 declinationis
1223 839 1315 904 abla-

137 951 203 1013 tivo
225 949 257 1013 in
282 968 297 1011 e
318 947 379 1012 feci
400 946 506 1023 verba,
538 947 803 1012 demonstravisse
833 945 911 1008 mihi
933 943 1054 1023 videor,
1087 943 1169 1027 quid
1185 942 1260 1007 fidei
1281 944 1318 1007 in

139 1053 198 1118 tali
215 1073 249 1116 ro
272 1051 361 1116 libris
382 1049 533 1114 habenda
547 1049 590 1113 sit
611 1049 849 1132 manuscriptio
890 1045 1008 1112 Tamen
1029 1046 1090 1111 hoc
1111 1047 1220 1124 levius,
1242 1068 1314 1130 gra-

138 1157 207 1220 vius
230 1162 338 1221 autem
360 1152 456 1218 illud:
485 1152 596 1219 eodem
627 1151 695 1217 iure
723 1172 762 1216 ae
789 1152 954 1217 contendit
976 1151 1121 1217 Solmsen
1142 1150 1226 1217 hanc
1247 1153 1261 1213 i
1281 1153 1314 1215 in

138 1259 216 1324 dari
237 1278 305 1322 esse
319 1256 564 1341 productam,
592 1255 674 1320 alter
701 1255 786 1320 dicet
807 1261 906 1337 atque
926 1253 1099 1320 affirmabit
1118 1257 1150 1319 in
1173 1253 1224 1320 his
1245 1276 1337 1338 ver-¹

138 1362 188 1427 bie
210 1360 428 1426 vetustissimis
457 1365 613 1423 servatam
647 1379 714 1423 osse
742 1358 917 1422 thronem
945 1357 1073 1423 finalem
1099 1358 1243 1434 locatim,
1275 1379 1315 1448 en

138 1485 205 1548 qua
226 1470 338 1548 postea
358 1461 491 1528 evadere
505 1461 683 1545 ,oportebat
705 1482 719 1524 e
743 1462 877 1538 brevem,
901 1482 1008 1543 neque
1030 1461 1200 1544 quisquam
1220 1460 1316 1526 facile

137 1568 207 1633 eins
227 1564 382 1632 refutabit
404 1565 604 1631 sententiam.

224 1668 334 1752 Neque
362 1688 437 1732 vero
462 1667 643 1750 opinionem
671 1668 729 1732 viri
758 1667 931 1733 doctissimi
953 1666 1095 1732 Solmseu
1126 1666 1317 1734 confirmant

138 1773 379 1857 inscriptiones,
414 1771 474 1836 etsi
500 1772 599 1836 verba
624 1771 695 1835 eius
724 1771 788 1836 iam
818 1791 916 1854 supra
948 1770 1064 1836 allata:
1102 1820 1138 1849 ‚‚.
1155 1823 1162 1835 .
1179 1779 1193 1836 .’
1207 1775 1316 1838 nivere.

138 1875 231 1942 Naeb
254 1874 327 1940 dem
348 1874 442 1950 bilde,
464 1873 522 1938 das
546 1873 598 1938 die
619 1871 807 1938 iuschriften
829 1893 890 1937 uns
911 1873 1092 1956 gewbhren,
1124 1874 1238 1940 diirfen
1261 1877 1318 1940 wir

141 1980 230 2046 diese
262 1976 489 2060 orthographie
524 1977 556 2040 in
584 1975 813 2060 plautinischer
847 1977 908 2041 neit
938 1977 1100 2043 durchaus
1130 1986 1316 2058 arwartenr,

138 2081 231 2146 nobis
252 2081 388 2146 iniciunt
413 2080 622 2162 suspicionem
649 2081 682 2146 in
708 2080 969 2162 inscriptionibus
994 2079 1183 2147 infinitivum
1215 2089 1318 2166 praes.

138 2194 201 2253 act.
224 2206 281 2269 per
301 2185 402 2249 vicem
424 2185 508 2248 mitti
530 2183 563 2250 in
586 2183 610 2260 l,
633 2183 670 2261 Ε,
693 2183 745 2261 ΕΙ,
769 2204 853 2266 quae
874 2186 959 2250 ratio
981 2186 1140 2251 scribendi
1161 2186 1317 2271 syllabam

138 2288 268 2364 finalem
301 2295 404 2354 ortam
435 2306 502 2352 esse
538 2285 711 2353 confirmat.
738 2308 777 2353 ex
809 2286 1015 2372 diphthongo.
1076 2289 1167 2354 Hanc
1195 2291 1318 2356 variam

139 2393 224 2458 enirn
252 2389 409 2457 scribendi
435 2391 592 2453 rationem
613 2389 768 2472 praebent
794 2390 1018 2474 inscriptiones
1044 2392 1076 2456 in
1103 2391 1317 2458 infinitivo

140 2514 260 2578 praee.
288 2493 456 2578 passivi:
483 2491 607 2576 pulsari
625 2494 666 2576 1),
696 2493 919 2577 [denJontiari
936 2495 978 2578 ¹),
1007 2493 1122 2580 firm)
1146 2519 1152 2558 :
1174 2496 1315 2580 dorm),

139 2599 272 2682 leque„
295 2603 405 2662 contra
427 2595 659 2662 infinitivus
680 2617 809 2680 praes.
833 2597 962 2661 activi
983 2618 1230 2682 usquequaque
1251 2608 1317 2666 ter·

140 2702 283 2766 minatur
297 2698 405 2764 littera
417 2718 449 2761 c:
472 2699 562 2762 cedre
574 2697 609 2786 ⁶),
625 2700 889 2784 (compromesise)
904 2705 940 2784 ⁷),
957 2701 1087 2766 msdeire
1098 2704 1137 2786 Β),
1153 2704 1217 2766 cire
1229 2706 1257 2788 ⁹)
1270 2753 1278 2769 .
1290 2754 1318 2770 ..
1367 2771 1370 2774 ,

140 2802 233 2882 Quod
256 2823 329 2866 cum
350 2802 396 2866 ita
417 2801 467 2878 sit,
497 2802 566 2868 iure
587 2801 776 2868 adducimur
797 2802 895 2867 illem·
909 2806 1100 2869 sententiam
1124 2812 1162 2870 ut
1182 2807 1319 2891 recipia-

140 2925 222 2984 mus,
245 2907 277 2970 in
300 2904 408 2986 lingua
422 2904 539 2969 Latina
560 2905 602 2969 ab
623 2905 715 2970 initio
738 2905 953 2971 locativum
983 2928 1029 2990 sg.
1051 2907 1138 2973 velut
1158 2911 1264 2974 moer&
1280 2932 1319 2975 ex

142 3011 280 3088 *cicun
313 3027 389 3073 sscr.
419 3007 536 3090 *janni
569 3007 713 3076 functum
744 3029 813 3074 esse
846 3009 914 3073 vice
948 3010 1155 3077 infinitivi
1188 3033 1319 3097 praes

140 3113 277 3189 activi,
308 3110 485 3176 dativum
511 3110 599 3176 velut
628 3122 681 3196 api
704 3133 743 3178 ex
766 3112 825 3195 -os‘,
856 3132 933 3178 sacr.
956 3114 1007 3197 nje
1033 3115 1102 3180 vice
1123 3117 1319 3182 infinitivi

140 3234 265 3300 praes.
287 3215 440 3298 passivi.

262 3421 290 3484 4,
326 3419 486 3497 Adserbia
507 3422 541 3485 in
565 3441 579 3484 c
601 3419 746 3504 (cupivi
766 3379 922 3488 secundae
942 3369 1186 3508 dedicationes).

229 3557 362 3624 Formae
382 3559 557 3642 facilumed
572 3565 624 3645 10),
648 3541 751 3625 rected
763 3567 816 3646 11),
841 3562 996 3628 Oscorum
1009 3541 1171 3649 nmprsfid
1184 3570 1224 3649 Ῑ7)
1247 3567 1319 3647 (im-

144 3663 258 3748 probe)
281 3663 359 3727 satis
382 3661 554 3728 ostendunt
581 3663 647 3728 eius
668 3666 791 3748 generis
813 3665 966 3734 adverbia
988 3667 1102 3732 exisse
1123 3670 1156 3732 iu
1179 3668 1318 3734 litteram

1178 3793 1319 3806 ,-......-.

233 3856 259 3923 1)
278 3854 439 3923 Schneider,
458 3855 603 3924 Exempla,
626 3857 665 3910 19.
797 3861 825 3929 2)
844 3860 1007 3929 Schneider,
1026 3862 1044 3916 l.
1063 3879 1086 3916 c.
1106 3865 1168 3930 292,
1187 3866 1213 3918 3.

231 3946 258 4013 3)
278 3945 307 4000 L.
326 3962 350 4000 c.
370 3946 431 4012 293,
449 3946 493 4011 49,
513 3946 556 4010 70,
576 3947 618 3999 73.
783 3949 810 4016 4)
829 3946 861 4001 L.
880 3966 904 4003 c.
922 3951 984 4017 299,
1002 3952 1029 4017 9,
1047 3951 1090 4004 69.

231 4035 258 4101 5)
277 4033 310 4087 L.
330 4051 354 4087 c.
373 4034 434 4100 293,
456 4035 497 4085 13.
660 4035 690 4102 6)
709 4033 742 4087 L.
760 4053 784 4089 c.
803 4037 846 4104 95,
865 4038 891 4090 9.
1332 4086 1335 4092 .

232 4121 259 4191 7)
277 4121 311 4175 L.
330 4139 354 4176 c.
372 4122 416 4184 97,
437 4119 478 4174 14.
498 4149 531 4158 -—
551 4118 593 4174 De
616 4121 723 4188 syllaba
748 4124 846 4178 ultima
869 4125 1000 4179 infinitivi
1023 4125 1142 4195 perfecti
1161 4127 1257 4182 eadem
1277 4147 1319 4182 ra·

141 4212 220 4265 tione
238 4209 418 4264 indicandum
438 4213 480 4262 est
499 4225 532 4262 ac
551 4208 586 4262 de
604 4207 704 4264 ultima
723 4210 1027 4284 infinitivi-praesentis
1047 4215 1139 4269 activi.
1292 4199 1295 4205 ,

233 4301 260 4368 Β)
279 4299 306 4354 S.
326 4317 350 4352 c.
369 4299 430 4366 293,
448 4298 492 4352 71.
658 4301 685 4368 9)
704 4300 731 4356 S.
753 4318 775 4356 c.
794 4303 856 4369 299,
875 4305 918 4356 78.

217 4387 258 4455 10)
278 4386 303 4442 S.
324 4403 348 4439 c.
368 4385 403 4439 de
421 4385 533 4452 Bacch,
553 4384 715 4454 Schneider,
734 4389 752 4444 l.
772 4406 795 4444 c.
817 4392 861 4458 97,
879 4393 923 4444 27.

219 4477 264 4541 ll)
282 4475 314 4529 In
332 4474 459 4543 inscript.
477 4473 589 4542 Falisc,
608 4474 770 4543 Schneider,
788 4479 805 4534 l.
826 4498 850 4533 c,
868 4485 940 4548 part.
962 4497 1016 4536 rac.
1036 4483 1077 4539 17.

221 4565 265 4636 12)
283 4565 350 4621 Lex.
368 4562 450 4617 Bant.
471 4566 513 4631 30,
531 4564 569 4617 Zv
590 4581 654 4637 pag.
673 4570 714 4624 78.
