3267 5184
213 315 258 378 De
281 313 441 380 vocalibus
464 313 629 397 productis
653 313 779 376 Latinas
803 330 894 375 voees
916 308 1166 374 terminantibus,
1233 308 1275 374 25

96 504 120 566 i.
150 523 176 566 e.
200 501 389 567 baeebiaons
422 499 497 564 dim.
521 498 629 578 natal,
657 501 711 583 qui
741 499 838 583 paulo
860 505 935 563 ante
957 500 999 580 (v.
1021 498 1098 580 972)
1125 497 1281 581 reperitur

96 627 178 670 curn
200 607 343 672 clausula
365 602 502 670 iambica
516 605 561 687 1)ι
591 604 784 668 Recordetur
809 603 857 678 id,
889 603 944 686 qui
971 601 1062 666 nihili
1085 607 1172 679 sunt,
1204 602 1280 686 quid

97 711 152 773 eis
175 709 267 791 preti.

192 812 307 876 Versus
321 817 428 878 autem
444 811 517 876 inde
534 833 553 874 a
569 810 699 875 Poenuli
717 811 778 876 252
802 809 957 892 usquead
978 807 1042 874 254
1063 807 1203 891 disponit
1217 807 1281 872 Leo

98 917 236 998 (nescia,
260 937 335 980 num
358 914 500 981 oodioum
523 922 648 978 secutus
671 915 711 976 sit
733 913 986 996 dispositionem3
1014 911 1093 976 nibil
1120 911 1204 975 onim
1225 910 1282 975 ad·

98 1024 213 1101 notat)
235 1020 337 1083 hunos
359 1022 391 1082 in
414 1019 543 1083 modum
556 1021 597 1100 2);

150 1140 293 1218 Quiesce
311 1150 320 1218 Ι)
338 1141 422 1222 Ergo
444 1141 516 1203 amo
538 1146 578 1202 te.
609 1138 663 1202 sed
686 1137 745 1201 boe
766 1159 851 1201 nunc
874 1137 1029 1220 responde

151 1243 246 1308 Mihi:
273 1250 348 1307 sunt
369 1243 423 1307 hie
445 1243 560 1317 omnia,

149 1368 232 1430 quae
255 1345 296 1411 ad
319 1345 411 1410 deum
427 1349 453 1428 ³)
477 1367 587 1428 paoem
611 1346 738 1428 oportet
761 1343 895 1407 adesse?
912 1351 922 1420 n
940 1342 1055 1406 Omnia
1076 1343 1231 1421 accurari,

100 1470 124 1532 i.
150 1491 175 1532 e.
198 1467 386 1532 baoahiaous
410 1473 594 1532 tetrameter
617 1473 697 1530 anat.
727 1478 756 1539 ÷
785 1463 976 1529 baoohiaaus
998 1484 1080 1527 mon.
1104 1485 1175 1528 cum
1198 1464 1284 1528 olau-

103 1571 179 1635 sula
201 1606 313 1632 υ-υ-
329 1573 356 1654 4)
384 1582 414 1643 †
443 1570 631 1634 bacchiaous
655 1570 737 1633 trim.
762 1587 835 1631 oum
858 1566 1015 1630 Reiziann

194 1673 261 1738 Iam
291 1694 372 1737 unns
405 1681 549 1755 superest
582 1694 689 1736 versus
722 1669 890 1735 Plautinus
912 1669 998 1733 Pers.
1022 1669 1094 1745 761,
1129 1669 1184 1750 qni
1216 1669 1283 1751 ipse

101 1799 164 1842 nos
197 1775 354 1854 admonet,
389 1797 428 1840 ne
466 1783 570 1840 aetate
603 1775 707 1839 Plauti
730 1773 869 1838 litteram
900 1794 934 1849 o,
970 1772 1008 1837 de
1042 1792 1105 1854 qua
1139 1771 1282 1847 dicimus,

102 1879 203 1944 fnisse
226 1878 412 1961 productam
436 1885 553 1941 temere
584 1877 825 1954 concludamus,
861 1897 932 1940 enm
965 1875 1119 1959 syllabam
1154 1874 1283 1958 longam

103 2005 170 2048 non
193 1980 322 2045 difficile
344 1983 386 2046 sit
407 2003 576 2046 removere.
622 1981 681 2058 Qui
704 2001 812 2044 versus
835 1979 928 2062 vulgo
950 1979 1080 2062 legitur:

193 2084 332 2162 Quorum
363 2085 460 2167 ripere
490 2085 569 2148 haee
601 2084 678 2148 mihi
712 2083 820 2148 facilia
852 2083 940 2147 l'aotu
972 2083 1060 2148 faeta
1092 2090 1166 2148 sunt
1200 2083 1284 2166 qnae
1332 2114 1335 2119 ·

1057 2186 1142 2250 volui
1164 2185 1282 2262 efflori3

107 2311 144 2375 C.
162 2309 194 2372 F.
212 2308 259 2371 W.
277 2308 411 2372 Mueller
434 2315 548 2386 autem,
574 2309 662 2372 ouius
685 2314 793 2391 partes
815 2308 962 2390 sequitur
984 2307 1056 2384 Leo,
1079 2308 1230 2390 proponit
1245 2311 1282 2389 ⁵):

195 2413 333 2490 Quorum
362 2413 458 2494 opera
485 2413 562 2475 haeo
592 2411 669 2476 mibi
699 2411 807 2476 fanilla
827 2412 928 2476 taetri
954 2410 1041 2475 faeta
1062 2409 1170 2495 (haee)
1192 2422 1282 2488 sunt,

961 2513 1045 2596 quae
1066 2513 1150 2579 volui
1172 2513 1281 2591 effieri,

106 2641 205 2703 quam
227 2619 393 2682 lectionem
417 2638 480 2681 non
504 2617 614 2682 dubito
637 2619 810 2700 recipere..

193 2721 300 2804 Neque
323 2740 456 2803 usquam
480 2720 556 2784 alibi
579 2722 610 2784 in
634 2721 814 2786 litterarum
835 2721 1050 2785 Romanarum
1073 2719 1284 2784 monumentis

103 2831 214 2889 exstat
234 2823 330 2900 leone,
354 2825 408 2906 qui
431 2823 594 2905 syllabam,
625 2824 663 2887 de
686 2845 749 2905 qua
771 2823 869 2888 verba
889 2823 1034 2899 facimus,
1064 2823 1191 2906 longam
1215 2843 1283 2888 esse

102 2929 208 3010 possit
230 2926 374 3010 probare.
421 2925 502 2990 Nam
525 2947 632 2990 versus
655 2927 749 2990 Ennii
771 2931 850 2990 Anu.
872 2927 937 2990 300
960 2925 1009 3008 (b.
1024 2925 1078 3008 M.)
1100 2927 1167 2992 siue
1188 2927 1284 2992 dubio

104 3037 159 3095 est
178 3037 348 3113 corruptus
363 3035 400 3109 tl:

259 3133 468 3215 Eloqueretur
489 3139 521 3196 et
543 3140 658 3198 cunata
680 3131 828 3214 malaque
851 3140 883 3197 et
905 3133 990 3196 bona
1013 3131 1117 3207 diotu;

103 3238 246 3317 itemque
268 3236 449 3318 corruptela
472 3236 644 3300 insinuarit
666 3237 698 3298 in
722 3237 803 3300 Ann.
827 3258 854 3299 v.
880 3236 936 3299 93:

171 3339 230 3402 92:
263 3339 425 3421 Conspicit
447 3339 520 3403 inde
543 3339 601 3403 sibi
624 3339 700 3403 data
722 3339 875 3403 Romulus
897 3358 964 3402 esse
987 3350 1004 3411 †
1026 3338 1190 3421 propriam
1208 3341 1235 3422 τ)

260 3440 408 3526 Auspicio
431 3444 520 3524 regni
543 3442 684 3506 stabilita
707 3462 837 3506 scamna
858 3441 1033 3523 solumque.

106 3547 212 3626 Atque
245 3565 303 3624 ego
337 3545 463 3627 quidem
499 3546 582 3608 inter
614 3545 753 3608 stabilita
787 3552 883 3626 atque
923 3563 1053 3608 scamno
1095 3544 1281 3608 coniecerim

104 3648 256 3712 omissam
278 3668 345 3712 esse
369 3649 621 3713 coniunctionem
645 3655 680 3728 et,
708 3669 803 3732 quam
828 3647 975 3711 librarios
999 3644 1181 3729 frequenter
1203 3648 1284 3710 omi-

105 3753 185 3816 sisse
207 3771 298 3814 nemo
320 3753 461 3834 ignorat:

897 3878 970 3885 ---—.

200 3945 225 4013 1)
244 3945 285 3999 cf.
304 3963 367 4014 pag.
388 3945 429 3998 12.
560 3947 588 4012 2)
607 3944 818 4000 Gustu-Sohosll
838 3945 966 3998 soribunt
984 3945 1086 3998 ictibus
1106 3944 1229 3997 omissis:

108 4035 170 4089 253.
185 4035 251 4086 254:
271 4034 341 4088 Sunt
355 4034 401 4087 hie
421 4035 522 4100 omnia,
541 4051 612 4102 quae
626 4034 661 4086 ad
682 4032 763 4087 deum
784 4050 882 4102 paoem
896 4037 1010 4102 oportet
1029 4033 1147 4086 adesse?
1160 4034 1169 4100 ss
1184 4033 1284 4087 Omnia

1149 4122 1284 4175 aoouravi.

198 4213 223 4277 3)
241 4210 304 4264 Non
324 4213 400 4264 reete
419 4209 490 4264 Leo:
516 4227 583 4280 quoe
605 4211 640 4262 ad
657 4209 735 4262 desim
749 4248 856 4275 ......
882 4227 935 4277 quo
952 4212 1025 4274 iotu,
1053 4211 1106 4262 nisi
1125 4209 1215 4276 fallor,
1235 4227 1285 4263 no·

44 4315 46 4320 ·
104 4305 168 4355 tare
187 4299 255 4367 vult,
281 4297 359 4350 deum
379 4315 430 4366 per
449 4299 586 4366 synieesin
606 4315 665 4352 esse
685 4297 842 4366 legendum.
880 4297 920 4349 (lf.
940 4313 1004 4366 pag.
1026 4301 1066 4351 12.

196 4389 222 4455 4)
242 4386 282 4440 Ol.
302 4403 365 4456 pag.
387 4387 431 4440 15.
643 4387 668 4456 5)
689 4387 718 4439 L.
740 4404 763 4439 o.
782 4403 847 4455 pag.
869 4388 908 4439 13.

197 4475 281 4544 6)(11.
301 4475 417 4542 Vahlen,
438 4475 507 4528 Mus.
527 4475 616 4529 Rhen.
635 4475 699 4528 XIV
720 4477 771 4528 555
792 4479 820 4528 et
839 4473 871 4527 L.
891 4474 1011 4528 Mueller
1029 4475 1057 4527 in
1077 4475 1201 4529 editione
1220 4475 1284 4529 reli·

106 4568 237 4637 quiarum
258 4563 347 4619 Ennii.
471 4568 497 4632 7)
518 4564 641 4618 Vahlen:
659 4564 771 4636 primm
789 4563 821 4617 L.
839 4563 971 4618 Mueller:
987 4563 1147 4636 propritim.
