3267 5184
349 292 388 357 18
769 289 925 376 Georgius
946 290 1104 376 Wedding

346 479 408 544 Sed
423 480 560 563 primum
575 485 695 562 pugnat
717 479 750 544 in
774 479 835 545 hoc
850 500 941 546 versu
956 500 1070 545 nomen
1093 481 1210 546 neura
1225 503 1298 547 cum
1319 480 1524 565 dipodiarum

348 581 417 665 lege
433 583 469 666 ¹),
493 583 569 664 quia
591 582 787 664 paenultima
809 583 969 667 producte
983 581 1081 649 efficit
1095 583 1201 650 thesin
1224 591 1374 668 quartam
1390 585 1524 652 iambici

346 686 478 762 senarii3
513 683 626 748 deinde
654 683 772 762 Varro,
804 687 858 768 qui
892 685 1015 770 profert
1043 685 1100 752 illa
1129 688 1242 766 verba,
1273 695 1399 754 tantum
1428 688 1524 752 dicit:
1616 718 1617 733 π

346 787 444 873 Apud
462 786 637 852 Naeuium:
662 789 763 873 Atque
782 789 877 872 prius
893 789 1001 872 parta
1022 789 1141 854 ἰοσαοια
1156 788 1278 855 Lucam
1300 791 1412 858 bovem.
1428 789 1525 854 lacco

345 891 397 957 bos
419 891 550 976 elephas.
594 890 682 968 Quae
704 911 754 956 res
776 912 847 956 cum
869 891 915 956 ita
937 911 970 954 se
992 890 1118 970 habeat,
1141 893 1252 959 eodem
1272 895 1341 960 iure
1361 899 1458 976 atque
1480 915 1525 959 ex

345 995 479 1061 fabula
505 993 645 1077 quadam
668 993 776 1060 Naevii
806 992 1017 1059 iudicabimus
1048 997 1156 1078 potius
1184 996 1243 1061 illa
1268 997 1364 1062 verba
1391 1005 1526 1081 sumpta

345 1119 413 1164 esse
434 1119 474 1163 ex
496 1096 604 1162 Bello
628 1097 812 1173 Poenico,
836 1096 870 1160 id
892 1096 978 1178 qnod
1000 1097 1202 1181 suspicantur
1223 1098 1317 1164 Ottfr.
1335 1097 1467 1164 Mueller
1489 1105 1526 1162 et

345 1201 420 1266 Luc.
440 1198 572 1264 Mueller
594 1199 690 1264 verba
711 1221 731 1264 a
754 1199 897 1264 Varrone
918 1198 1017 1264 allata
1038 1199 1162 1266 duobus
1183 1202 1357 1267 tribuentes
1377 1201 1525 1267 versibus

345 1303 497 1370 saturniis
516 1303 552 1386 ¹).
598 1301 713 1386 Negeri
733 1301 839 1384 igitur
866 1321 929 1366 non
957 1308 1062 1385 potest
1091 1310 1198 1369 aetate
1218 1303 1325 1370 Plauti
1353 1303 1524 1390 syllabam,

345 1407 386 1472 de
408 1426 473 1489 qua
495 1405 714 1488 quaesivimus,
738 1403 834 1468 luisse
858 1410 1052 1488 correptam,
1079 1426 1162 1488 quae
1183 1408 1340 1491 correptio
1362 1409 1430 1472 sine
1451 1408 1525 1472 nlla

344 1509 544 1574 dubitatione
575 1506 740 1591 permultis
768 1506 861 1571 annis
890 1507 1080 1572 antefacta
1104 1515 1168 1587 eat,
1196 1516 1233 1574 ut
1261 1530 1364 1592 neque
1384 1511 1524 1594 inscrip-

345 1615 446 1677 tiones
468 1631 570 1692 neque
597 1610 666 1674 aevi
696 1609 877 1674 vetustioris
902 1615 1016 1692 poetae
1042 1610 1125 1675 bano
1147 1611 1303 1694 syllabam
1326 1615 1525 1680 servaverint

347 1714 547 1798 productam.

432 1900 477 1966 De
500 1902 673 1966 vocativo
696 1921 740 1982 sg.
762 1901 885 1983 primae
899 1899 1119 1965 declinationis
1134 1903 1243 1985 paucis
1264 1923 1391 1987 possum
1413 1901 1524 1966 absol-

345 2025 423 2068 vere.
468 2002 560 2086 Apud
582 2001 730 2067 Plautum
753 2023 856 2084 neque
884 2003 1038 2087 exemplis
1058 2004 1223 2071 ostendere
1244 2025 1411 2089 possumus
1432 2004 1523 2069 bunc

346 2127 452 2171 casum
482 2108 567 2170 exire
598 2105 632 2169 in
663 2103 821 2188 syllabam
854 2105 979 2170 brevem
1001 2125 1103 2187 neque
1133 2108 1166 2170 in
1197 2108 1404 2191 productam,
1435 2129 1522 2185 cum,

345 2208 460 2292 quibus
480 2206 558 2274 locis
581 2209 728 2284 occurrit,
751 2208 783 2271 in
805 2207 851 2272 eis
869 2207 1059 2272 admittetur
1080 2208 1203 2292 syllaba
1224 2230 1342 2294 anceps
1356 2212 1392 2294 ⁸).
1436 2208 1523 2274 Nam

343 2311 440 2377 etiam
461 2311 495 2375 in
517 2333 545 2374 v.
567 2311 656 2375 Cure
682 2309 741 2376 192
754 2310 789 2395 ⁴),
812 2310 868 2393 qui
889 2310 982 2393 vulgo
1004 2310 1137 2393 legitur:

387 2413 516 2479 Ebriola
537 2412 684 2497 persolla,
708 2414 836 2496 migne?
852 2421 863 2490 Ι
878 2412 948 2477 Tdn
970 2434 1072 2478 meam
1095 2413 1248 2478 venerem
1270 2417 1455 2499 vituperas?

345 2538 408 2581 non
430 2517 476 2582 vis
499 2522 548 2582 est
569 2522 600 2580 et
621 2516 805 2593 auctoritem,
828 2515 904 2597 quia
925 2515 1062 2580 dimetiri
1083 2516 1171 2582 licet:

511 2618 641 2684 Ebridle
662 2618 810 2702 persolle,
833 2618 959 2701 nvigae?
975 2626 986 2696 Ι
1002 2617 1072 2683 Tvin
1093 2639 1197 2685 meam
1218 2669 1293 2685 ....
1312 2625 1344 2703 ⁶).

345 2722 405 2788 sed
428 2721 573 2805 exempla
594 2727 699 2787 aetate
722 2720 827 2786 Plauti
848 2722 1027 2786 vocativum
1049 2719 1178 2787 desiisse
1199 2723 1232 2788 in
1254 2744 1275 2786 a
1297 2723 1421 2790 brevem
1443 2745 1523 2808 per-

346 2824 445 2890 multa
466 2845 505 2889 ex
526 2823 638 2901 Ennio,
661 2822 786 2906 aequali
808 2822 874 2888 fere
897 2822 1011 2901 Plauti,
1034 2831 1142 2907 petere
1161 2845 1344 2908 possumus:

346 2948 427 3009 Ann.
443 2945 485 3009 30
507 2944 556 3030 (L.
571 2943 644 3028 M.):
667 2943 828 3028 Eurydica
850 2951 1015 3028 prognata,
1038 2952 1130 3029 pater
1152 2968 1247 3028 quam
1270 2953 1376 3012 noster
1391 2947 1522 3012 amavit.
1621 2998 1622 3023 ,

451 3047 510 3112 34:
533 3046 675 3124 Postilla,
698 3054 850 3129 germana
872 3067 970 3126 soror,
993 3069 1099 3114 errare
1121 3047 1260 3114 videbar.
1621 3036 1622 3053 1

452 3150 510 3214 38:
533 3149 590 3214 His
613 3147 731 3214 verbis:
754 3169 772 3212 o
794 3155 902 3232 gnata,
924 3150 983 3215 tibi
1006 3158 1082 3216 sunt
1102 3158 1177 3217 ante
1199 3151 1359 3227 ferendae,

344 3251 416 3317 aliis
441 3237 535 3315 locis.
589 3252 704 3318 Utrum
737 3257 843 3317 autem
877 3255 1040 3319 vocativus
1067 3255 1101 3318 in
1133 3275 1156 3317 a
1185 3253 1310 3320 brevem
1342 3254 1522 3319 terminans

345 3353 440 3436 (velut
459 3352 541 3439 filit)
561 3354 636 3419 olim
659 3355 789 3438 propria
805 3353 937 3436 suerat)
959 3355 1062 3420 forma
1084 3362 1231 3422 enorme
1252 3357 1294 3421 sit
1313 3378 1352 3422 ex
1374 3357 1523 3420 nomina·

344 3458 408 3523 tivo
430 3455 532 3538 *filia
555 3457 726 3522 diiudicare
748 3476 811 3521 non
834 3478 1013 3540 possumus,
1042 3458 1129 3540 qnod
1155 3459 1188 3522 in
1210 3457 1319 3542 lingua
1342 3458 1457 3523 Latina
1478 3479 1524 3523 ex

345 3567 480 3643 utraque
502 3559 605 3625 forma
627 3581 710 3636 eam,
740 3579 823 3641 quae
853 3559 939 3624 cadit
961 3561 995 3624 in
1017 3581 1037 3624 α
1060 3559 1200 3627 litteram
1221 3568 1413 3645 correptam,
1442 3582 1523 3634 eva-

344 3663 419 3729 dere
440 3663 617 3748 oportebat.

1375 3771 1523 3785 ———

432 3818 458 3890 1)
477 3818 516 3873 cf.
534 3836 598 3888 pag.
618 3821 643 3873 2.
807 3819 835 3885 2)
853 3815 885 3872 L.
904 3817 1030 3887 Mueller,
1049 3819 1119 3875 Bell.
1137 3819 1222 3875 Poen.
1242 3821 1274 3875 V.
1292 3824 1335 3876 74.
1354 3824 1403 3876 75:

700 3911 783 3976 atque
801 3908 881 3976 prins
899 3908 991 3976 pariet
1010 3908 1116 3963 locusta

699 3993 804 4050 Lucam
823 3996 931 4050 bovem.

344 4082 495 4151 Baehrens,
513 4081 577 4152 Frg.
596 4087 673 4152 poet.
691 4083 770 4138 Rom.
789 4102 817 4153 p.
836 4085 868 4138 9:

572 4172 657 4239 atque
675 4171 753 4241 privis
773 4173 866 4241 pariet
882 4175 887 4242 Ι
902 4172 1002 4228 bovem
1020 4172 1129 4227 loodste
1147 4172 1260 4229 dearn.

430 4261 457 4325 3)
475 4257 615 4312 abnitnbd
629 4259 714 4326 (Pera.
733 4261 800 4314 279:
826 4261 927 4328 nescio,
946 4261 1075 4329 inquam,
1099 4262 1244 4317 ulmitriba
1261 4265 1303 4331 tu)
1322 4265 1365 4315 est
1382 4262 1471 4332 stirps
1490 4267 1526 4322 in

343 4364 360 4398 a
374 4346 521 4400 masculini
539 4347 658 4415 generis.

430 4435 456 4503 4)
474 4433 516 4488 De
534 4450 616 4489 versu
634 4434 727 4489 Aulul.
749 4437 799 4490 136
819 4435 856 4490 cf.
874 4453 937 4506 pag.
959 4440 999 4490 ll.
1112 4438 1140 4502 6)
1159 4437 1204 4492 Sic
1223 4437 1287 4493 Leo.

431 4523 457 4592 6)
477 4521 516 4576 Ol.
536 4523 605 4576 sskr.
626 4541 696 4577 nom.
717 4523 795 4576 ambo
813 4525 931 4592 (mater),
949 4541 1007 4578 voc.
1027 4524 1113 4578 amba.
