3267 5184
240 238 285 302 De
307 237 466 304 vocalibus
489 237 649 320 productis
671 235 803 303 Latinas
824 259 915 302 voces
937 238 1189 302 terminantibus,
1255 239 1297 303 55

100 423 180 491 Mil.
222 425 320 490 1138:
348 424 519 492 Neminem
536 425 589 509 pol
612 425 711 506 video,
742 425 803 490 nisi
826 424 913 489 hunc
934 445 1029 508 quem
1053 425 1199 491 'volumus
1221 427 1298 491 edu-

868 535 1004 594 ventnm.
1020 537 1034 606 n
1049 528 1092 593 Et
1113 536 1171 612 egb
1195 550 1249 593 vos
1261 535 1296 612 ¹),

101 630 242 713 quihus
272 633 303 695 in
334 630 486 707 versibus,
521 653 591 697 cum
614 630 748 696 Plautus
780 625 923 696 ultimam
957 633 1084 698 iambici
1117 632 1232 699 senarii
1266 639 1300 696 et

102 732 280 798 trochaici
302 733 474 818 septenarii
496 735 599 799 thesin
630 755 692 799 non
715 753 753 799 ea
775 733 895 800 elliciat
916 735 1048 814 ratione,
1079 740 1115 799 ut
1135 734 1223 800 illam
1245 757 1298 799 ex·

101 835 208 919 pleat
234 836 356 922 syllaba
378 837 407 902 vi
430 836 507 921 legis
529 837 705 904 iamborum
728 837 936 921 correptionis
961 837 1113 915 breviata,
1144 839 1222 903 haec
1245 839 1296 902 lex

102 939 259 1004 valuisse
281 939 403 1024 nequit.

207 1041 271 1108 Sed
307 1063 371 1108 nou
403 1042 569 1110 mediocris
594 1063 740 1110 versuum
767 1041 900 1108 affertur
928 1065 1085 1123 numerus,
1120 1043 1152 1109 in
1180 1044 1296 1128 quibus

101 1167 296 1230 pronomen
313 1165 365 1232 epo
375 1147 408 1210 in
427 1145 615 1229 productam
633 1146 719 1213 cadit
731 1145 896 1230 syllabam,
913 1145 946 1212 id
962 1146 1047 1230 quod
1067 1147 1121 1211 alii
1132 1147 1190 1211 viri
1212 1147 1298 1212 docti

102 1249 364 1334 contendunt¹)‚
383 1256 502 1333 negant
514 1249 569 1316 alii
585 1252 619 1333 ⁸).
638 1249 719 1316 Sunt
730 1256 837 1315 eutem
853 1250 909 1333 qui
919 1249 1110 1316 adhibentur
1121 1271 1228 1317 versus
1249 1249 1297 1315 hi:

158 1353 198 1438 1)
223 1351 279 1416 Ex
300 1351 506 1418 diverbiis:

205 1460 240 1538 a)
264 1477 308 1520 ex
328 1455 524 1522 iambicis
547 1455 735 1522 senariis:

104 1559 208 1624 Asin.
224 1557 303 1624 810:
328 1559 464 1642 Sequere
479 1559 547 1624 bac.
583 1559 692 1643 Egone
708 1559 787 1624 haec
804 1558 910 1643 pdtiar
924 1559 982 1624 adt
1003 1564 1148 1625 taceam?
1178 1560 1295 1626 Emori.

106 1662 227 1728 Aulul.
250 1661 329 1728 570:
351 1661 422 1727 Non
445 1663 552 1745 potem
574 1675 630 1746 ego
653 1662 780 1745 quidem
800 1657 948 1731 ¹beselel
966 1664 1008 1727 At
1028 1659 1087 1745 ego
1108 1662 1238 1729 idsserc.

105 1765 239 1832 Bacch.
265 1765 341 1830 196:
363 1765 453 1848 Egon
477 1772 521 1842 ut,
545 1765 632 1849 qudd
653 1765 696 1832 ab
718 1765 773 1830 illo
796 1765 955 1848 attigisset
975 1765 1116 1831 mintius.

108 1867 191 1935 Cas.
216 1869 293 1934 781:
316 1867 402 1934 Cena
423 1869 478 1934 dbi
501 1870 561 1935 erit
581 1870 688 1945 edcta3
711 1881 768 1952 ego
790 1871 858 1933 ruri
880 1870 1042 1934 conavere.

109 1971 192 2036 Cas.
217 1972 293 2036 786:
315 1970 455 2036 Tandem
477 1971 514 2037 dt
534 1973 719 2050 †veuiamus
741 1972 818 2048 ldci3
841 1983 898 2055 ego
920 1992 992 2038 cras
1013 1972 1065 2037 lu'c
1086 1993 1149 2038 ero.

109 2075 216 2158 Epiri.
239 2075 319 2140 389:
341 2073 408 2157 Ego
424 2096 480 2140 me
501 2075 683 2142 excrdciare
705 2076 813 2154 animi,
837 2077 930 2158 qudsi
952 2075 1030 2158 quid
1052 2074 1148 2141 lilius.

111 2179 206 2244 Men.
229 2179 308 2245 544:
330 2179 410 2244 Fiat.
443 2179 526 2246 Cedo
549 2181 671 2256 adrem,
694 2191 752 2262 ego
775 2179 1010 2262 mandpretidm
1031 2178 1123 2243 dabo.

113 2282 219 2362 Mero.
242 2281 321 2348 544:
343 2281 480 2348 Tandem
502 2282 670 2368 impetravi
693 2288 816 2364 egomet
837 2303 887 2347 me
909 2281 945 2346 irt
966 2281 1211 2365 corrdmperem.

113 2386 188 2451 Mil.
218 2387 294 2452 142:
318 2385 355 2450 ln
376 2386 415 2452 ed
439 2386 581 2451 conclavi
603 2399 661 2470 ege
686 2384 809 2470 perlddi
827 2385 995 2470 parietem.

114 2474 190 2553 Mil.
212 2489 290 2554 554:
312 2487 436 2555 Fateor.
454 2497 465 2566 l
482 2488 565 2566 Quid
589 2491 623 2554 u1'
644 2487 775 2566 fateare,
797 2499 855 2571 ege
878 2487 963 2570 quod
985 2485 1140 2552 viderim?

113 2591 190 2656 Mil.
214 2593 310 2658 1379:
334 2591 402 2675 Ego
423 2603 441 2670 †
463 2613 535 2657 nam
559 2592 741 2658 conveniam
763 2591 863 2671 illum,
885 2591 941 2656 dbi
963 2588 1017 2654 ubi
1038 2596 1087 2655 est
1108 2589 1258 2674 gentium.

114 2695 206 2760 Trin.
234 2694 307 2760 173:
330 2694 392 2760 Sed
415 2697 501 2761 uduo
523 2695 636 2778 rogare
659 2709 716 2779 ege
738 2696 877 2760 vicissim
898 2693 933 2759 te
954 2692 1034 2759 volo.

114 2797 216 2864 Truc.
243 2797 320 2863 357:
345 2797 425 2876 Vah,
447 2797 563 2892 repulp
586 2796 694 2863 hercle
715 2811 773 2881 ego
797 2817 891 2874 nunc,
915 2799 1012 2879 atque
1034 2794 1114 2860 aded
1137 2795 1227 2861 male.

211 2900 248 2985 b)
268 2921 314 2966 ex
335 2899 511 2967 iambicis
534 2901 796 2984 septenariis:
1052 2897 1056 2902 ’

118 3003 202 3070 Gist.
221 3003 296 3068 745:
318 3004 401 3083 Quid
416 3004 499 3070 istdc
512 3003 620 3087 negoti
642 3001 713 3069 est?
750 3004 814 3068 Ant
835 3003 906 3085 quis
928 2999 984 3067 es?
1000 3009 1014 3078 ΙΙ
1028 3001 1097 3086 Ego
1120 3023 1189 3067 sum
1210 3002 1298 3067 illius

635 3141 637 3151 ν
1061 3103 1065 3118 ’
1183 3107 1295 3173 mater.

150 3233 152 3247 ²
210 3212 242 3292 c)
264 3229 307 3275 ex
328 3210 546 3276 trochaicis
568 3209 823 3294 septenariis:

118 3312 230 3379 Aulul.
251 3313 330 3378 457:
354 3313 486 3379 Cdctum
509 3327 577 3398 ego,
600 3334 664 3378 non
686 3312 878 3396 vapularem,
901 3310 1020 3377 dddum
1038 3311 1215 3377 cdnductds
1236 3310 1292 3375 fui.

120 3416 241 3484 Bacch.
264 3416 341 3482 571:
364 3416 486 3482 lelam
510 3428 567 3500 ego
589 3423 621 3481 te
642 3418 675 3480 in
697 3415 814 3482 collum
835 3417 1035 3498 atquelntro
1049 3414 1124 3480 hinc
1140 3414 1294 3481 adferam.

960 3518 1089 3594 ilmmo
1106 3518 1170 3596 ibri,
1194 3537 1296 3582 mane.
1406 3555 1408 3560 ·

120 3627 217 3708 Capt.
244 3613 347 3689 1021}
370 3622 432 3690 sed
463 3622 515 3688 dic
541 3623 599 3688 bro
625 3647 634 3688 z
657 3626 749 3706 pater
781 3625 870 3688 meris
898 3629 976 3687 tune
1006 3618 1064 3686 es?
1085 3633 1097 3696 υ
1119 3619 1187 3704 lige
1216 3640 1296 3697 sum,

1126 3726 1221 3806 gnate
1242 3723 1294 3787 mi.

120 3829 213 3895 Gurc.
235 3831 312 3895 294:
337 3831 456 3895 Tristes
478 3832 575 3912 atque
598 3827 711 3894 ebrioli
733 3827 888 3895 incedunt
904 3851 911 3893 :
928 3827 982 3894 eos
1002 3839 1061 3912 ege
1082 3827 1109 3893 si
1124 3826 1295 3892 offendero.

120 3934 212 3998 Cure.
232 3932 310 3999 305:
334 3932 436 3997 Hand‘
453 3934 553 4016 magis
576 3933 665 4016 cupis
687 3951 785 4015 qnam
808 3943 866 4015 ege
890 3938 922 3998 te
944 3932 1046 4015 eripio.
1063 3929 1119 4010 10
1142 3928 1214 3995 mea
1235 3949 1294 4012 cp

1108 4032 1295 4116 portduitas.

122 4139 205 4206 Men.
235 4141 311 4204 651:
339 4138 416 4217 Quis
443 4140 470 4204 is
494 4137 752 4204 Menaechmust?
769 4147 780 4215 ll
796 4137 845 4203 Tir
866 4138 947 4215 istic,
961 4131 964 4137 ’
980 4138 1122 4219 inquam.
1138 4144 1149 4212 u
1165 4133 1296 4218 Egone?

941 4251 953 4318 ιι
968 4239 1024 4304 Tu.
1041 4247 1052 4318 ι
1069 4237 1145 4318 Qun
1166 4236 1296 4323 argina?

79 4383 81 4388 '
213 4383 238 4450 1)
256 4381 297 4434 cf.
309 4380 395 4435 «Cure.
416 4382 475 4436 104.
664 4381 694 4451 2)
712 4375 1069 4443 Buecheler-Windekilde,
1086 4377 1105 4431 l.
1125 4395 1148 4454 c.
1166 4393 1229 4447 pag.
1248 4379 1295 4447 273

122 4465 345 4544 Neuengder‚
363 4469 380 4522 l.
401 4487 424 4523 c.
444 4471 470 4528 11
489 4471 546 4526 346.
675 4471 702 4541 8)
721 4468 750 4524 G.
768 4467 798 4526 F.
818 4466 863 4522 W.
882 4466 1000 4526 Mueller
1018 4467 1036 4524 l.
1056 4484 1080 4523 c.
1099 4483 1164 4541 pag.
1184 4469 1219 4522 80
1236 4483 1295 4541 sqq.
