3267 5184
774 301 930 385 Georgius
954 301 1112 386 Wedding

510 488 659 572 Auspicio
682 491 769 574 regni
792 490 933 556 stabilita
956 490 1021 576 (et)
1044 511 1174 556 scamna
1195 489 1371 574 solumque.

444 590 544 669 Vnus,
577 594 632 675 qui
662 615 701 659 ex
722 593 859 660 Terentii
882 593 999 658 fabulis
1025 593 1160 660 affertur
1180 614 1303 668 versus,
1337 592 1455 658 dubiae
1487 601 1532 658 cst

358 699 509 759 naturae:

403 796 459 861 ad.
481 799 560 862 612:
578 797 728 893 ¹Membra
751 805 836 864 metu
858 799 977 866 debilia
997 803 1089 865 sint:
1112 801 1238 864 animus
1260 799 1375 864 timore
1389 803 1433 884 ¹):

359 906 434 964 sunt
456 901 647 967 choriambi:
674 935 850 966 acc-mc
854 935 1053 967 υυυυυυυ
1059 933 1133 968 a.-.
1178 902 1286 988 louge
1308 903 1403 968 aliter
1426 909 1535 968 autem

358 1001 523 1069 dimetitur
544 1005 698 1090 Spengel:

637 1107 781 1174 Membra
804 1109 889 1175 mdtu
912 1109 1031 1174 debilia
1052 1111 1143 1175 sint:

637 1212 770 1277 Animis
791 1213 907 1278 timore
928 1212 1093 1297 obstipuit,

357 1314 377 1376 i.
399 1334 424 1378 e.
446 1313 625 1380 trochaicus
647 1314 720 1380 dim.
744 1321 807 1380 cat.
831 1322 864 1380 et
884 1315 979 1380 iamb.
1002 1315 1078 1380 dim.
1101 1322 1163 1380 cat
1178 1318 1215 1398 ²).

445 1416 488 1481 Ut
506 1417 603 1500 igitur
630 1419 662 1482 in
689 1418 814 1498 linguae
837 1418 972 1484 Latinae
997 1418 1210 1483 monumentis
1235 1437 1337 1502 nsque
1358 1439 1494 1501 quaque
1517 1440 1537 1480 a

358 1520 467 1584 littera
488 1521 673 1586 nominativi
695 1541 740 1605 sg.
763 1522 886 1605 primae
906 1520 1128 1587 declinationis
1149 1521 1254 1586 brevis
1275 1529 1333 1597 est,
1361 1522 1407 1585 ita
1429 1524 1538 1585 nomi-

358 1623 700 1690 nativus-accusativus
726 1624 808 1708 plur.
838 1631 939 1690 neutr.
961 1645 1031 1709 gen.
1057 1625 1091 1689 in
1118 1645 1139 1688 o
1166 1623 1358 1709 productam
1386 1623 1538 1689 desinens

358 1747 514 1810 nusquam
537 1727 793 1811 deprehenditur,
820 1728 874 1793 scd
898 1727 991 1794 huius
1011 1728 1131 1793 vocalis
1153 1729 1312 1811 correptio
1334 1725 1447 1792 eodem
1469 1727 1538 1792 iere

358 1836 499 1913 ternpore
521 1830 609 1895 facta
629 1831 754 1896 videtur
775 1852 857 1908 esse,
885 1851 950 1915 quo
972 1852 993 1894 a
1015 1831 1203 1896 nominativi
1225 1851 1271 1914 eg.
1293 1831 1416 1915 primas
1437 1829 1537 1896 decli·

358 1933 496 1998 nationis
518 1940 665 2017 correpta
686 1941 744 2000 est.

597 2135 626 2199 4.
673 2133 835 2198 Ablotious
857 2154 899 2217 ep.
918 2135 1045 2217 primae
1066 2134 1297 2199 declinationis.

445 2271 627 2337 Ablativum
653 2292 697 2355 sg.
724 2272 846 2355 primae
873 2270 1093 2338 declinationis
1119 2271 1232 2337 exiisse
1258 2277 1384 2338 constat
1411 2273 1443 2334 in
1468 2273 1538 2349 ad,

359 2374 393 2438 id
415 2375 500 2457 quod
522 2375 590 2440 aeri
612 2376 793 2441 vetustioris
816 2381 977 2440 testentur
998 2376 1229 2459 inscriptiones,
1252 2376 1285 2440 in
1308 2375 1424 2458 quibus
1445 2375 1537 2439 inve·

361 2477 460 2542 nitur:
484 2477 621 2542 Hiunod
633 2481 665 2559 ⁸),
689 2477 835 2563 proidod
848 2480 888 2562 ⁴);
921 2485 953 2543 st
976 2483 1103 2543 senatus
1125 2477 1304 2543 consultum
1327 2478 1366 2542 de
1388 2477 1538 2542 Baccha-

360 2578 486 2645 nalibus
502 2583 529 2664 ⁵)
552 2583 595 2662 (a.
611 2603 641 2646 u.
657 2602 683 2646 c.
699 2582 778 2665 568)
800 2602 950 2665 semper
972 2583 1064 2665 ponit
1079 2582 1221 2647 litteram
1242 2581 1315 2665 di),
1339 2601 1536 2663 quamquam

358 2683 496 2748 dubitari
519 2685 637 2767 nequit,
659 2685 737 2767 quin
755 2684 814 2750 illa
828 2691 933 2750 aetate
948 2685 1026 2749 haec
1048 2685 1071 2747 d
1091 2691 1151 2750 aut
1172 2706 1235 2748 non
1258 2684 1399 2749 dictast
1420 2684 1538 2748 audita
1616 2700 1617 2709 ¹

358 2789 402 2851 sit
422 2792 478 2851 aut
500 2790 649 2863 tenuiter3
679 2808 753 2853 nam
780 2787 867 2872 apud
889 2787 1038 2853 Plautum
1060 2809 1083 2851 a
1108 2787 1239 2852 ablativi
1268 2787 1451 2870 frequenter
1478 2786 1537 2852 eli-

359 2890 446 2956 ditur
466 2890 567 2956 velut:

360 2994 472 3076 Amph.
485 2996 561 3059 193:
577 2994 700 3059 Praeda
714 2997 810 3077 itque
827 2996 904 3078 agri>
920 2995 924 3081 )
942 2994 1115 3078 aderitque
1129 2993 1249 3059 adficit
1262 2992 1434 3077 pdpularis
1449 3014 1536 3070 suos,

355 3099 391 3162 'et
412 3095 520 3162 multis
543 3096 614 3162 aliis
637 3097 723 3163 locis.
763 3097 874 3180 Neque
890 3098 1003 3163 mirum
1020 3105 1077 3174 est,
1100 3097 1186 3180 quod
1200 3096 1361 3162 ablativus
1382 3097 1404 3158 d
1425 3095 1538 3162 littera

359 3200 485 3266 abiecta
516 3199 602 3284 apud
634 3221 741 3265 omnes
774 3203 945 3285 scriptores
976 3201 1134 3266 Romanos
1168 3201 1304 3266 mittitur
1336 3200 1370 3264 in
1404 3221 1426 3264 c
1458 3221 1538 3283 pro·

359 3306 497 3369 ductam.

380 3506 410 3569 5.
455 3503 599 3569 Secunda
625 3523 761 3586 persono
782 3525 828 3589 sq.
850 3504 1029 3588 imperativi
1045 3524 1152 3588 precs.
1175 3510 1234 3568 oct.
1255 3504 1383 3587 primae
1405 3503 1513 3566 conio·

872 3611 1017 3695 potionis.

443 3729 588 3796 Secunda
609 3750 745 3814 persona
767 3740 820 3813 eg(
834 3731 1013 3814 imperativi
1035 3750 1138 3814 praes.
1161 3738 1223 3796 act
1251 3736 1403 3813 quattuor
1426 3730 1536 3794 coniu-
1566 3786 1568 3791 .

359 3835 521 3918 gationum
544 3833 716 3918 respondet
737 3832 897 3898 secundae
918 3854 1074 3917 personae
1097 3854 1140 3916 sg.
1162 3831 1324 3898 indicativi
1346 3833 1536 3917 praesentis,

449 3995 474 4060 1)
493 3993 539 4049 Sic
558 3992 729 4059 Fleckeisen,
748 3990 952 4061 Vmpicnbach.

446 4084 473 4152 2)
492 4082 574 4152 Verg.
593 4081 791 4137 Aen.111464
815 4081 919 4150 legitur
939 4080 1035 4152 provio
1052 4082 1079 4135 vi
1099 4098 1204 4147 arcens,
1229 4081 1332 4148 quippe
1352 4096 1423 4148 qnae
1442 4079 1538 4133 forma

358 4173 522 4240 tribrachyn
542 4171 665 4226 efficiens
683 4171 712 4224 in
730 4188 811 4225 versu
831 4170 944 4224 heroico
963 4171 1054 4226 locum
1073 4170 1177 4225 habers
1196 4185 1252 4223 non
1271 4169 1368 4237 possit.

445 4263 473 4328 3)
493 4259 653 4326 Schneider,
671 4259 807 4328 Exempla
828 4262 890 4312 117:
910 4259 952 4311 M.
969 4258 1100 4313 Claudias
1122 4259 1165 4310 Μ.
1182 4260 1206 4324 s.
1220 4257 1311 4309 consol
1322 4255 1439 4310 Hiancd
1455 4254 1537 4326 ccpc't.

446 4351 475 4416 4)
495 4348 655 4414 Schneider,
675 4348 693 4400 1.
712 4366 735 4401 c.
757 4348 821 4402 119:
851 4346 893 4402 M.
911 4346 1016 4400 Fcerio
1038 4347 1067 4401 0.
1083 4350 1112 4414 s.
1131 4345 1253 4401 tribanos
1270 4344 1390 4403 motare
1409 4343 1441 4399 dc
1456 4344 1537 4419 proi·

359 4437 414 4494 dod
432 4439 544 4491 Moarta
562 4434 654 4490 dcdcd.
864 4437 891 4506 5)
910 4436 941 4489 L.
960 4454 984 4490 c.
1002 4437 1047 4492 97.

447 4527 474 4592 6)
493 4526 588 4582 Velut:
609 4523 768 4597 comediad,
788 4525 848 4585 cod,
