3267 5184
111 1331 166 1404 De
191 1330 385 1406 vocalibus
409 1329 599 1428 productis
625 1327 780 1408 latinae
806 1327 1245 1413 cenommannica.

659 1554 683 1619 1.

357 1709 495 1774 Formae
516 1711 550 1773 in
572 1731 594 1774 o
614 1711 808 1790 productam
829 1714 1002 1774 exeuntes.

197 1897 225 1960 1.
249 1894 473 1964 Nomiaotioua
494 1905 522 1962 ct
542 1899 701 1964 oocadwa
721 1919 763 1983 so.
781 1899 909 1982 prioooc
930 1897 1155 1964 declinationis.

178 2049 260 2128 Quia
299 2053 332 2115 in
367 2051 483 2135 linguis
521 2052 790 2137 Iudogermauicis
830 2053 1058 2119 nominativum
1094 2051 1263 2136 singularis

89 2153 219 2236 primae,
241 2174 323 2236 quae
343 2154 535 2238 appellatur,
557 2155 777 2222 declinationis
798 2156 913 2221 exiisse
935 2160 1062 2221 consini
1081 2155 1115 2220 in
1136 2175 1158 2219 o
1179 2155 1263 2221 litte-

89 2277 158 2347 ram
195 2256 398 2340 productam,
434 2278 531 2340 quam
568 2264 772 2326 servaverunt
807 2262 963 2343 integram
1002 2257 1197 2324 Sanscritica
1232 2265 1264 2324 at

90 2359 229 2425 Graecas
255 2366 342 2444 άρυᾱ,
370 2357 469 2444 χώρᾶ,
499 2362 592 2428 facile
620 2361 791 2446 suspiceris
812 2362 845 2426 in
872 2361 988 2427 Latina
1008 2382 1134 2444 qnoque
1154 2361 1265 2445 lingua

89 2483 159 2528 eam
180 2483 248 2528 esee
276 2461 410 2547 longam.
454 2463 561 2531 Nihilo
584 2465 681 2531 setim
711 2485 776 2530 non
807 2471 859 2530 est
880 2463 1027 2544 dubium,
1058 2465 1138 2546 quin
1157 2463 1265 2532 Plauti

90 2572 195 2631 aetate
215 2565 295 2632 haec
318 2565 441 2651 syllaba
463 2567 526 2633 iam
549 2567 647 2634 luerit
668 2573 822 2651 correpta.
867 2566 963 2634 Haud
976 2588 1051 2633 raro
1071 2568 1156 2632 enim
1177 2568 1264 2651 apud

90 2669 174 2733 huuc
200 2675 325 2752 poetam
352 2671 398 2735 eis
426 2669 673 2754 deprehenditur
704 2669 799 2748 locis,
827 2671 883 2752 qui
911 2669 998 2736 nullo
1029 2669 1124 2736 modo
1149 2670 1264 2737 admit·

90 2777 163 2837 tunt
183 2772 381 2856 prodentem,
410 2773 495 2840 velut
516 2774 629 2840 ultima
650 2773 749 2840 thesis
770 2773 897 2839 iambici
918 2774 1037 2840 senarii
1057 2781 1089 2840 et
1109 2775 1264 2841 trochaici

90 2876 272 2958 septenarii.
316 2875 362 2942 Ut
385 2897 482 2944 uuam
503 2875 634 2942 afferam
657 2876 835 2961 exemplum
859 2875 1106 2963 etalternm1)=

94 2979 260 3044 Oas.114:
283 2978 332 3044 Ex
353 2979 527 3046 sterculino
549 2979 669 3059 elicisse,
692 2981 751 3046 tria
771 2979 866 3046 illaec
887 2979 1008 3064 praeda
1028 2981 1093 3046 sit?

94 3081 185 3166 Oapt.
207 3081 284 3148 4882
317 3081 420 3166 Pergo
450 3083 491 3148 ad
520 3082 609 3159 tlios,
638 3082 730 3149 sinin
757 3083 799 3148 ad
826 3082 921 3162 tlios,
952 3083 1065 3150 deinde
1097 3083 1141 3151 ad
1169 3085 1264 3150 tlioe:

1115 3189 1263 3266 intres,

90 3308 224 3369 quorum
244 3289 460 3373 exemplorum
492 3309 641 3354 uumerus
670 3288 763 3356 facile
790 3295 899 3374 potest
926 3291 1087 3375 augeri2).
1129 3289 1192 3356 Sed
1213 3289 1265 3355 hie

90 3391 167 3456 locis
188 3398 364 3476 repugnant
396 3393 468 3477 plus
496 3411 591 3474 quam
613 3393 737 3476 viginti,
772 3412 853 3474 quos
884 3413 985 3475 usque
1015 3392 1057 3460 ad
1085 3394 1116 3458 id
1139 3400 1264 3476 tempus

89 3493 244 3564 adhibent
263 3496 321 3560 viri
342 3495 428 3564 docti
448 3494 579 3580 planum
601 3502 638 3561 ut
658 3495 779 3562 faciant
806 3497 876 3579 ipsa
897 3493 1005 3562 Plauti
1032 3501 1139 3562 astate
1166 3496 1265 3562 nomi·

90 3599 230 3663 nativum
253 3619 298 3682 sg.
322 3600 443 3682 primae
469 3598 689 3665 declinationis
711 3598 839 3665 desiisse
867 3600 898 3663 in
927 3620 949 3662 o
970 3598 1109 3664 litteram
1130 3598 1265 3683 produc·

90 3707 172 3777 tnm3
201 3703 295 3786 pauci
322 3709 434 3768 eontra
462 3702 545 3768 hanc
574 3702 762 3768 seutentiam
790 3701 938 3767 dixerunt
959 3702 1265 3786 argumentationem

90 3812 238 3870 accurato
260 3826 324 3870 non
347 3805 556 3892 facinorose),
585 3813 622 3870 nt
650 3805 704 3887 qni
730 3805 791 3870 loci
813 3827 835 3869 o
862 3804 988 3888 longam
1010 3803 1198 3870 confirmare
1219 3807 1266 3870 vi-

90 3906 219 3988 dentur,
251 3928 305 3974 eos
326 3908 431 3974 denuo
452 3929 578 3975 necesse
600 3909 642 3974 sit
664 3929 835 3992 congerere
858 3914 891 3973 et
912 3908 1121 3974 considerare.
1163 3910 1266 3991 Atque

90 4011 227 4094 primum
243 4012 369 4095 quidem
385 4012 538 4079 disseram
557 4013 598 4079 de
614 4012 668 4091 eis,
684 4011 739 4096 qui
758 4017 886 4078 exstant
898 4012 932 4076 in
954 4010 1159 4092 diverbiis,
1181 4010 1266 4094 quod

1124 4152 1266 4161 ———

181 4223 206 4290 1)
224 4222 340 4278 Plautus
359 4222 510 4278 adhibetur
529 4239 563 4276 ex
581 4222 745 4278 recensione
763 4219 873 4276 Leonis.

178 4312 205 4378 2)
225 4310 308 4366 Vide:
336 4310 419 4382 Epid.
445 4313 506 4366 295.
532 4312 593 4365 574.
629 4310 716 4366 Mero.
742 4311 802 4364 857.
839 4307 898 4362 Mil.
922 4307 984 4362 267.
1008 4309 1069 4362 972.
1105 4307 1181 4362 Pers.
1207 4307 1266 4363 160.

90 4401 143 4457 615
163 4400 357 4559 allluprimis
378 4487 411 4543 R.
426 4487 553 4556 Mueller,
573 4487 608 4543 de
620 4488 713 4543 Plauti
734 4485 864 4556 Epidico,
884 4499 950 4555 pag.
964 4488 996 4538 41
1010 4501 1070 4554 sqq.
1089 4488 1118 4540 et
1136 4483 1208 4539 (21¹¹.
1221 4483 1267 4539 W.

91 4579 219 4645 Mueller,
238 4577 426 4648 plautinische
443 4577 575 4647 prosodia
592 4594 657 4647 pag.
678 4579 691 4630 1
711 4595 771 4646 sqq.

141 4682 239 4734 Mittas
252 4694 271 4724 ι.
286 4682 355 4724 hairda
368 4682 389 4723 d.
404 4682 465 4733 inte.
479 4683 588 4732 maheu.
616 4681 701 4724 xxvu.
1024 4677 1037 4728 l
