3267 5184
218 332 263 396 De
286 331 446 398 vocalibus
467 333 628 416 productis
651 333 781 402 Latinae
804 355 896 398 voces
918 335 1174 401 terminantibus.
1262 338 1284 400 5

106 521 338 605 sperarunt1),
377 525 489 587 con‘tra
521 527 697 587 sermonem
732 521 882 589 Latinum
916 539 947 587 v.
971 520 1014 588 28
1041 528 1073 587 ot
1102 523 1144 588 30
1179 524 1285 606 posuit

105 625 360 690 coniunctionem
383 625 499 690 staina
529 623 626 689 dubio
656 624 697 690 ob
726 645 963 702 comesuram,
994 647 1034 690 na
1054 627 1284 694 nominativum

106 746 152 811 sg.
179 728 299 811 primae
328 727 549 794 declinationis
583 730 768 795 terminaret
797 729 830 792 in
857 749 888 792 c.
912 728 1052 794 litteram
1085 730 1283 814 productam

105 831 308 898 Persuasitne
334 830 394 896 sibi
421 832 481 897 iate
510 831 614 897 malus
641 838 736 916 poeta
758 851 780 896 a
800 831 940 897 litteram
969 833 1002 896 iu
1029 833 1165 918 ineptia,
1190 833 1282 917 'qnod

105 935 188 1000 duae
219 941 394 1017 sequuntur
414 955 592 1014 consonae,
625 936 758 1018 produci
792 936 823 999 vi
854 935 1047 1018 positionis?
1072 978 1074 985 ,
1102 936 1135 1003 si
1168 938 1281 1015 minus,

104 1037 306 1122 agnoscenda
327 1043 377 1104 ost
397 1036 562 1104 Ritachelii
587 1039 772 1105 coniectura
1172 1087 1177 1094 .

314 1141 435 1225 intptia
457 1143 555 1224 dtque
577 1141 717 1207 stultitia
738 1142 820 1208 tdao
841 1149 874 1208 et
893 1143 1074 1221 toneneas.

104 1263 177 1310 cunr
208 1244 260 1308 vix
291 1243 476 1310 crediderim
505 1251 573 1310 tam
603 1245 720 1310 malum
749 1251 876 1329 poetam
893 1245 1013 1312 -furma
1038 1247 1097 1312 illa
1117 1248 1281 1313 rarissima

104 1347 166 1431 (vel
188 1347 341 1432 exemplis
363 1368 426 1412 non
455 1346 687 1432 confirmanda)
709 1349 854 1434 ineptire,
882 1356 919 1415 ut
944 1350 1058 1416 suadet
1085 1349 1279 1430 Lachmann,

104 1473 196 1519 usum
218 1471 295 1518 esse.

190 1555 303 1620 Versui
330 1554 417 1620 Asin.
442 1555 503 1619 762
531 1559 636 1620 autam
671 1574 734 1620 non
765 1557 849 1622 inest
879 1557 1088 1634 auotoritas..
1106 1557 1182 1640 quia
1206 1577 1280 1624 cum

103 1659 195 1724 hiatu
216 1679 288 1724 cum
310 1657 413 1742 legare
434 1657 555 1722 licitum
577 1665 635 1724 cet.
674 1658 777 1743 Vulgo
792 1653 871 1726 'eum
893 1658 1102 1727 dimetiuntur
1122 1659 1279 1726 editores:

298 1759 345 1826 Ne
366 1759 503 1845 epistula
524 1762 653 1844 quidem
675 1761 744 1828 dlla
765 1763 808 1827 stt
829 1763 863 1826 in
879 1762 1033 1843 atdibua3

103 1885 177 1929 cum
199 1863 290 1930 hiatu
306 1866 346 1944 ’tr
1027 1892 1030 1899 ⁴

297 1965 345 2031 Nc
366 1965 502 2050 epistult
523 1967 651 2050 qudem
671 1970 675 2054 l
694 1967 762 2034 dlla
784 1971 880 2034 sitin
903 1967 1044 2034 atdibua.

103 2068 185 2134 Nam
218 2087 410 2153 quamquam
441 2073 669 2149 controversia,
706 2077 813 2136 utrum
851 2071 958 2138 hiatus
986 2073 1019 2137 in
1055 2072 1279 2155 semiquinaria

102 2171 230 2238 iambici
252 2173 369 2238 aonard
391 2173 550 2256 legitimus
566 2173 609 2238 sit
630 2194 738 2252 neone,
761 2175 939 2242 diiudicata
960 2174 1084 2240 videtur
1105 2197 1184 2241 non
1206 2196 1277 2240 cum

104 2296 173 2340 esse
202 2275 375 2359 legitimum
390 2278 435 2362 θ),
467 2284 574 2342 tamen
607 2278 755 2360 permulti
788 2284 916 2344 exstant
946 2299 1067 2357 remus,
1100 2279 1134 2344 in
1162 2279 1279 2363 quibus

102 2379 187 2444 idem
208 2381 368 2446 invenitur
389 2380 495 2446 hiatus
517 2379 619 2446 velut:

147 2483 260 2567 Amph.
285 2483 362 2548 143:
385 2485 452 2568 Ego
474 2483 533 2550 hta
554 2483 680 2550 hahtho
699 2486 704 2571 l
724 2487 824 2568 risque
845 2486 878 2550 in
900 2486 1013 2570 penso
1035 2484 1195 2569 pinnulas,

147 2586 260 2671 Amph.
283 2587 361 2652 976:
383 2587 476 2653 Nunc
498 2592 534 2652 m
555 2587 661 2654 divino
680 2587 685 2671 Ι
705 2587 768 2654 hirc
789 2588 842 2654 fac
863 2588 949 2654 tdsis
970 2587 1069 2654 Sosia

145 2689 238 2756 Most
259 2691 337 2756 549:
360 2689 433 2756 Dixi
454 2690 561 2756 hdrclo
582 2689 657 2756 vtro
676 2691 681 2776 Ι
700 2691 816 2759 omnia.
838 2692 850 2779 ll
870 2692 909 2756 El
932 2691 1047 2758 misero
1071 2691 1157 2758 mihi.

189 2794 280 2872 Quod
302 2797 441 2878 pertinet
462 2793 503 2860 ad
526 2815 650 2860 versum
673 2794 790 2862 Bacch.
813 2796 890 2860 893:

278 2896 430 2975 Mintrva
454 2897 588 2974 Lttona,
611 2897 698 2982 Spes,
722 2897 809 2981 Opis,
834 2897 953 2976 Virtda,
977 2899 1093 2978 Vanus,
1212 2889 1215 2897 ’

101 3022 166 3066 ιιοιι
188 3001 278 3065 abest
299 3002 435 3084 suspicio
464 3013 534 3066 eum
561 3022 624 3066 non
647 3006 731 3066 reete
753 3021 821 3066 esso
843 3001 996 3067 traditum
1011 3004 1054 3087 ⁴),
1080 3021 1168 3079 cum,
1199 3002 1276 3085 quid

102 3103 162 3168 hoe
184 3099 254 3168 loco
271 3104 345 3169 -sihi
375 3104 451 3169 velit
474 3105 613 3182 Latona,
643 3124 734 3170 nomo
762 3103 855 3171 facila
885 3104 980 3170 dicat
1031 3105 1093 3171 Sed
1122 3105 1276 3172 lacmmus

101 3207 247 3273 codicum
269 3208 434 3274 lectionem
457 3229 525 3274 osso
546 3227 667 3286 reram,
695 3228 754 3291 ego
783 3207 910 3291 quidem
936 3208 1020 3274 hanc
1042 3209 1275 3292 anteposuerim

101 3310 284 3376 dimetiendi
305 3312 475 3376 rationem:
935 3332 937 3335 ’

261 3412 414 3493 Mindrvtt,
436 3413 569 3491 Lhtdna,
592 3412 681 3499 Spes,
704 3412 791 3498 Opis,
815 3413 935 3492 Virtus,
957 3413 1065 3479 Venus
1078 3413 1116 3497 ὅ),

100 3518 160 3584 atsi
188 3516 274 3584 haud
302 3520 413 3602 ignoro
435 3517 583 3584 Plautum
613 3537 687 3584 raro
718 3524 750 3582 et
778 3519 873 3584 cortis
901 3516 1140 3584 condicionibus
1170 3517 1274 3584 thesin

100 3619 237 3688 solutam
258 3642 296 3686 eo
317 3620 410 3687 modo
433 3620 579 3699 effcehso,
602 3628 639 3686 ut
653 3620 776 3706 syllaba
791 3641 862 3687 eam
881 3621 1095 3704 interrumpat
1115 3619 1221 3686 finalis
1236 3622 1275 3703 ο);

173 3763 198 3830 l)
216 3761 249 3816 R.
269 3760 395 3829 Mueller,
415 3762 434 3815 l.
453 3779 476 3816 o.
494 3779 559 3832 pag.
577 3764 627 3826 513
646 3760 675 3815 O.
694 3759 724 3814 F.
744 3760 870 3825 Mueller,
889 3761 907 3814 l.
926 3777 950 3814 c.
969 3776 1033 3829 pag.
1052 3761 1078 3814 8.

171 3849 199 3912 2)
212 3867 294 3919 quem
307 3848 486 3905 commendat
497 3849 563 3905 Leo.
617 3850 647 3917 3)
665 3848 705 3904 cf.
715 3847 806 3917 Klotz,
823 3850 950 3904 altr-cem.
960 3848 1073 3914 matath,
1085 3865 1149 3918 pag.
1158 3851 1273 3920 Itbaqq.

170 3939 197 4009 4)
215 3937 342 3993 Adnotat
360 3937 434 3992 Leo:
453 3937 533 3993 Luna
551 3938 688 4008 Bergkiua
705 3954 750 4006 op.
771 3937 795 3992 1.
814 3939 864 4007 ac;
882 3954 934 3992 nec
953 3937 1164 4006 transponendo
1185 3939 1273 4010 (Sper,

100 4028 209 4082 Latona
227 4027 353 4093 Guietua)
372 4026 498 4082 Latonae
520 4043 621 4082 nomen
640 4025 813 4096 probabilius
835 4025 870 4081 fit
887 4043 940 4080 nec
958 4025 982 4080 si
1000 4025 1143 4081 Minervae
1161 4027 1274 4096 quadri·

100 4099 237 4186 sylldbum
256 4115 352 4170 iacias.

170 4204 197 4272 6)
215 4202 461 4273 Antopaenultima
484 4204 513 4256 in
537 4201 647 4258 Latona
671 4203 817 4258 breviatur
841 4220 876 4257 ex
899 4203 961 4273 lage
982 4202 1138 4259 iamborum
1162 4221 1273 4274 comap-

99 4291 193 4348 tionis.
235 4291 277 4346 of.
301 4291 436 4360 Skutsch,
460 4291 637 4347 Vollmbllers
658 4291 814 4362 jahraabar.
840 4291 886 4346 fur
908 4309 978 4347 rom.
1002 4293 1099 4362 philol.
1122 4293 1136 4348 1
1160 4296 1195 4350 83
1213 4311 1272 4364 erp:

100 4381 180 4450 „aine
198 4379 350 4434 iambiaohe
368 4379 548 4449 silbenfolge,
576 4380 622 4435 die
647 4380 703 4435 den
721 4384 772 4436 ton
790 4380 842 4436 aut
862 4381 914 4435 der
931 4382 1019 4436 lrr'rrac
1036 4384 1115 4451 trigt
1134 4382 1203 4438 oder
1222 4383 1273 4442 dor

99 4470 144 4525 die
162 4467 351 4538 tanti-agenda
369 4469 440 4524 silbe
458 4469 645 4525 unmittelhar
661 4469 741 4541 lolgt,
761 4469 833 4525 wird
851 4469 1077 4544 pyrrhichiach‘t

170 4559 199 4632 6)
218 4556 257 4612 Gi.
277 4555 369 4625 Klotz,
389 4557 407 4618 l.
429 4574 452 4612 c.
471 4575 534 4633 pag.
553 4560 613 4614 807.
