3267 5184
195 373 242 441 De
266 373 428 442 vocalibus
450 375 613 460 productis
635 375 763 442 Latinam
790 397 881 442 voces
901 376 1151 444 terminantibus.
1217 377 1258 442 33

570 585 601 650 9.
630 583 778 649 Bimatra

172 729 363 796 Adverbium
397 730 524 812 frustra
557 733 678 816 optima
708 731 891 798 Latinitatis
918 738 1025 796 aetate
1046 731 1162 796 desinit
1182 734 1215 797 in
1238 753 1259 796 8

82 834 228 900 litteram
261 833 459 915 productam.
521 834 611 914 Quod
643 842 739 900 antea
770 833 909 900 effecisse
938 834 1125 900 trochaeum
1150 855 1260 918 neque

78 935 170 1020 apud
193 935 343 1002 Plautum
365 957 505 1020 unquam
530 936 654 1004 efficere
675 938 850 1022 spondeum
864 936 927 1002 'diu
948 948 1180 1021 perspexerunt
1198 939 1257 1003 viri

80 1039 259 1104 doctissimi
269 1040 297 1124 ¹)
331 1039 389 1104 hos
423 1039 592 1107 afferentes
622 1047 741 1123 septem
769 1061 886 1117 versus,
923 1041 958 1104 in
989 1041 1104 1122 quihus
1132 1040 1258 1121 frastra

79 1143 172 1208 cadit
193 1144 226 1208 in
248 1143 435 1209 ebrevem:
588 1153 590 1158 '

79 1243 409 1323 Mernb281Nuno,
441 1246 564 1325 mulier,
600 1246 641 1311 ne
670 1252 705 1310 tu
733 1245 853 1312 irvistrtt
882 1248 934 1323 sis,
969 1267 1039 1311 mea
1061 1248 1125 1311 ndu
1147 1267 1190 1323 es,
1218 1268 1259 1312 ne

1092 1349 1258 1430 arbitrere,

80 1460 115 1518 et
148 1452 248 1517 sexies
291 1453 323 1516 in
355 1449 418 1516 fine
450 1452 578 1518 iambici
611 1452 729 1518 senmii
761 1452 810 1516 vel
840 1452 997 1518 bochaici
1024 1454 1195 1538 septenarii
1221 1474 1261 1518 88

78 1555 214 1638 fmetrrt
234 1555 294 1620 aie:
318 1553 408 1636 Capt
432 1554 503 1618 854.
538 1553 619 1620 Μ88.
649 1554 719 1620 692.
755 1553 840 1620 Pers.
873 1555 941 1619 140.
964 1554 1044 1619 Rud.
1074 1555 1256 1623 9691255.

80 1659 177 1724 Truo.
202 1658 273 1724 154.

172 1760 377 1828 Manifestum
399 1763 498 1844 igitur
518 1767 567 1826 est
580 1760 762 1825 adverbium
776 1759 905 1840 frustra
920 1781 984 1824 non
999 1779 1066 1826 esse
1080 1760 1259 1826 ablativum

82 1886 133 1948 sg.
154 1865 276 1947 primae
301 1862 522 1930 declinationis
544 1863 598 1928 sed
621 1862 719 1928 alium
742 1883 852 1928 casum
874 1864 939 1928 eive
960 1865 1189 1928 nominativum
1213 1885 1259 1948 ag.

82 1968 208 2050 primae
226 1967 447 2032 declinationis
463 1969 527 2032 sive
542 1966 997 2032 nominativum-accusativum
1013 1967 1096 2050 plur.
1118 1969 1261 2033 neutrius

82 2073 211 2154 generis
221 2075 257 2154 ²).
310 2069 425 2134 Forma
445 2070 572 2151 frustra
599 2076 704 2134 autem
727 2075 839 2152 postea
859 2075 931 2133 orta
953 2077 1004 2135 est
1025 2079 1156 2154 propter
1177 2072 1260 2136 simi-

84 2172 256 2240 litudinem
279 2171 501 2238 adverbiorum
523 2172 616 2252 citra,
637 2177 736 2236 cetra.

404 2397 453 2459 10.
499 2394 596 2480 Ergo,
617 2397 718 2477 istrie,
740 2409 813 2482 qua,
835 2398 946 2482 ow).

176 2533 255 2600 Cum
279 2554 317 2598 ea
340 2533 466 2618 linguae
490 2533 623 2599 Latinae
644 2534 803 2626 adverbia,
838 2555 921 2618 quae
942 2542 1059 2601 exeunt
1081 2537 1113 2601 in
1129 2532 1165 2614 o,
1196 2539 1261 2620 pri-

83 2637 188 2700 stinos
217 2657 285 2701 8888
314 2637 472 2702 ablativos
495 2657 593 2720 supra
621 2637 880 2715 intellexerimus,
903 2639 971 2702 iure
992 2641 1088 2704 etiam
1110 2639 1260 2705 adverbia

85 2753 174 2825 erpo,
198 2741 331 2822 188184),
353 2754 425 2826 quo,
448 2753 516 2803 aad
529 2739 669 2805 eiusdem
681 2742 802 2823 generi
818 2761 885 2805 esse
901 2739 1018 2806 formas
1040 2743 1260 2822 iudicabimus,

83 2842 391 2934 quiaubicumquc
414 2839 594 2922 occurrunt,
619 2843 716 2925 longa
737 2845 948 2910 terminantur
970 2843 1103 2929 syllaba.
1257 2846 1259 2851 '

529 3050 577 3114 11,
600 3048 661 3128 lta,
684 3050 812 3134 ita-qne.

173 3187 243 3275 Qua
269 3188 449 3270 quantitate
476 3188 582 3252 littera
609 3208 629 3250 a
656 3188 689 3251 in
719 3186 877 3251 adverbiis
906 3187 952 3250 ua
981 3194 1013 3252 et
1035 3189 1153 3273 ito-que
1173 3191 1258 3273 apud

86 3290 239 3356 Plautum
262 3292 366 3368 fuerit,
394 3289 522 3356 difficile
542 3297 592 3355 est
613 3291 802 3376 perspicere,
830 3290 906 3372 quia
934 3310 1086 3374 persaepe
1107 3291 1190 3356 ictus
1211 3299 1261 3357 est

81 3396 117 3458 in
144 3392 341 3478 paenultima
363 3394 411 3458 vel
435 3394 580 3475 seqnitur·
599 3393 759 3458 ultimam:
786 3397 842 3470 lto,
863 3399 910 3455 tto
932 3424 971 3457 a.

171 3499 264 3580 Apud
295 3498 434 3563 Ennium
460 3504 564 3568 autem
593 3495 672 3564 haec
700 3495 853 3564 adverbia
889 3493 1014 3562 efficere
1042 3496 1259 3580 pyrrhichium

83 3623 146 3667 nos
168 3602 283 3667 docent
303 3601 337 3666 hi
359 3621 467 3666 versus
490 3599 675 3666 Annalium:

1131 3725 1261 3734 —.

178 3795 205 3862 1)
223 3793 336 3861 Vsener,
365 3793 382 3847 l.
413 3811 436 3846 o.
462 3811 527 3864 pag.
558 3795 597 3846 13.
624 3791 754 3862 Spengel,
783 3790 906 3859 Plautus,
935 3809 998 3861 pag.
1024 3794 1102 3861 62sq.
1129 3792 1260 3861 Skutsch,

87 3881 274 4038 f0¹⁸⁰l;)1bE:
293 3969 424 4037 Skutsch,
444 3969 461 4024 l.
480 3987 503 4022 o.
522 3985 586 4038 pag.
606 3971 623 4023 8
642 3968 738 4022 adnot.
760 3972 797 4038 ¹l²
816 3968 889 4022 nach
910 3967 973 4022 dem
992 3969 1195 4039 plantinischen
1214 3988 1260 4040 ge·

84 4058 194 4114 588885
222 4074 277 4111 von
292 4059 403 4126 [188188
432 4056 572 4111 erecheint
598 4073 627 4110 88
644 4057 724 4111 nicht
742 4055 978 4125 ansgesohloosen‚
1007 4056 1070 4110 (1888
1080 4060 1196 4126 frastra
1215 4060 1260 4113 ein

85 4147 241 4202 nominativi
268 4163 334 4200 war.
380 4145 436 4200 Das
455 4144 630 4201 betrelicnde
649 4145 808 4200 substantiv
832 4146 882 4212 (sei
909 4160 937 4197 88
965 4161 1022 4198 unu
1044 4146 1168 4213 *frema
1192 4147 1261 4201 oder

84 4233 250 4306 *sructrnnd
269 4235 338 4304 liegt
356 4234 420 4288 dem
440 4234 557 4288 verbum
571 4233 713 4295 frustrari
728 4250 762 4286 zu
780 4231 898 4302 grande.

177 4326 204 4392 3)
224 4322 397 4376 adverbium
415 4321 488 4376 circe
507 4326 572 4378 ante
592 4339 663 4376 saec.
682 4321 741 4376 Vll.
760 4338 784 4374 8.
798 4339 824 4374 u.
836 4339 859 4376 o.
872 4337 929 4376 non
948 4322 1096 4390 reperitur.

177 4413 206 4480 4)
226 4411 303 4479 Quae
332 4410 527 4466 adverbiorum
558 4427 621 4482 erga
649 4415 678 4464 et
708 4406 784 4463 inccta
812 4410 849 4464 sit
878 4409 1054 4478 etymologia,
1082 4427 1139 4463 non
1166 4410 1261 4480 liquet.

86 4501 152 4557 Vid.
162 4497 379 4572 Lindsayfliohl,
390 4498 435 4552 die
448 4499 496 4554 lat.
508 4499 633 4568 sprachc,
644 4499 766 4569 pag.67l
781 4504 809 4552 et
815 4499 877 4553 673.
889 4526 921 4537 -
936 4495 975 4551 of.
987 4506 1047 4567 erge
1058 4517 1064 4550 ε
1077 4499 1263 4569 orgaz-intra·

145 4601 168 4645 ἃ.
1110 4601 1113 4606 .

85 4597 271 4747 wadnam.
285 4693 389 4736 18881881.
403 4692 464 4745 ladg.
477 4693 585 4744 macheu.
616 4691 701 4734 nvn.
1017 4693 1033 4746 3
1121 4759 1123 4763 ¹
