3267 5184
356 369 399 436 50
784 370 938 456 Georgius
961 368 1117 457 Wedding

440 557 582 640 Denique
612 561 721 629 eudem
744 564 757 626 i
785 569 868 646 pura
893 560 1142 646 deprehenditur
1171 561 1206 626 in
1234 560 1374 629 secunda
1395 581 1539 645 persona

354 662 531 746 imperativi
550 665 646 730 activi
669 671 814 748 quartae,
836 685 920 748 quae
939 663 1130 749 appellatur,
1151 665 1400 748 coniugationie:
1421 665 1535 730 oudin

354 764 464 830 eecli-e
475 767 509 850 ¹).

438 868 502 934 lies
523 869 641 936 formas
662 876 785 952 entem,
814 892 950 959 quarum
971 873 986 935 i
1003 869 1111 938 finalis
1131 870 1167 935 in
1188 869 1299 954 lingue
1320 869 1438 938 huna
1459 879 1537 938 orta

353 977 462 1036 estex
484 972 690 1058 diphthongis
714 975 772 1055 ei,
794 976 846 1053 ·ei,
869 975 922 1051 ei,
943 975 1021 1042 setis
1043 975 1105 1040 erit
1125 974 1263 1039 breviter
1284 995 1477 1058 componere
1492 977 1538 1060 ’l‘

397 1078 427 1157 a)
449 1097 497 1142 ex
518 1077 570 1142 ei:

405 1209 407 1214 v
464 1181 495 1261 1)
519 1179 695 1246 Infinitirus
717 1181 894 1264 praesentis
915 1180 1051 1263 passiri3
1072 1190 1140 1266 cpi:
1166 1180 1249 1246 Scor.
1270 1181 1329 1266 rije.

461 1281 661 1368 2lSecunda
690 1305 825 1368 persona
854 1283 935 1368 plur
964 1282 1080 1367 pasuri
1113 1285 1235 1363 ·,·minr
1271 1283 1436 1369 lepimiur·
1476 1285 1536 1350 int.

515 1382 681 1469 λεγὲμεναι
697 1389 792 1472 (ill).

460 1489 494 1572 3)
518 1487 625 1554 Prima
660 1509 794 1605 persona
824 1509 872 1574 eg.
892 1489 957 1555 ind
983 1489 1062 1574 perf.
1091 1495 1166 1566 uct3
1196 1489 1266 1555 Lat.
1289 1490 1426 1555 tsaude:
1418 1490 1536 1558 ·.Secr

513 1591 623 1654 tutudi
644 1591 720 1674 (hoc
742 1591 862 1673 primm
883 1591 1041 1658 intellexit
1062 1591 1143 1658 Fick
1162 1591 1261 1657 GGA.
1285 1590 1377 1656 1883.
1399 1593 1490 1677 588).

399 1693 433 1777 b)
457 1715 501 1759 ex
524 1693 577 1758 ei:

463 1799 494 1881 1)
517 1797 685 1872 Locatirus
708 1818 752 1881 eg.
777 1797 932 1866 secundae
954 1797 1183 1864 declinationis.

350 1890 352 1894 ’
459 1901 494 1985 2)
517 1899 610 1966 Dee:
634 1900 690 1984 tlte,
713 1902 765 1966 ee
781 1947 789 1964 .
805 1951 812 1967 .
830 1953 838 1968 .
857 1906 895 1986 ⁴).

460 2004 494 2088 3)
517 2003 602 2086 mihi,
626 2002 691 2082 titt,
713 2004 782 2084 eibi,
805 2005 875 2069 Osc.
900 2003 980 2086 tifet,
1002 2004 1085 2085 sisci.

458 2107 494 2191 4)
516 2106 577 2188 cdi,
600 2107 650 2172 ibe.

397 2212 429 2295 o)
452 2231 500 2275 ex
523 2211 576 2276 oi:
641 2279 645 2294 ¹
973 2289 976 2295 .

463 2317 491 2396 1)
512 2312 731 2380 Nominativus
751 2313 833 2403 plur.
850 2335 911 2380 sec.
931 2312 1026 2378 decl:
1045 2313 1160 2398 popule
1179 2339 1187 2377 ε
1206 2313 1381 2394 sesceniaoe
1403 2339 1411 2379 ε
1433 2304 1533 2380 οἶκοι.

460 2417 495 2501 2)
518 2416 650 2482 Dativus
672 2437 716 2500 eg.
738 2438 829 2500 pron.
852 2417 1000 2484 determ.:
1023 2421 1052 2482 ὄῑ
1070 2437 1110 2482 ex
1132 2417 1234 2499 *eje-i
1254 2417 1305 2496 (cl.
1327 2416 1395 2482 dat.
1414 2419 1531 2503 quei).

460 2522 495 2603 3)
516 2517 736 2586 Nonrinativus
759 2542 803 2604 sg.
826 2535 884 2606 qui
903 2543 944 2586 ex
966 2521 1087 2605 *quo-i,
1110 2519 1183 2585 Osc.
1199 2522 1269 2604 poi.

439 2620 532 2686 Unde
554 2632 567 2684 t
588 2621 686 2690 ducat
713 2623 863 2706 originem
896 2625 929 2688 in
957 2624 1096 2706 genitivo
1125 2643 1171 2706 eg.
1195 2623 1317 2707 primae
1343 2629 1375 2688 et
1396 2623 1531 2705 quintae

353 2725 587 2791 declinationis:
626 2735 696 2804 e-i,
724 2737 791 2807 -ἑ-ῑ,
816 2734 850 2792 et
877 2728 911 2790 in
945 2717 1051 2792 dativo
1079 2747 1124 2810 eg.
1159 2726 1272 2792 mrtiae
1302 2725 1529 2792 declinationis

353 2831 407 2914 (ex
430 2829 502 2912 eil)
525 2837 557 2893 ct
578 2828 609 2893 in
632 2836 693 2893 tet-t
707 2832 730 2910 ὕ)
753 2829 814 2896 huc
836 2831 913 2895 illuc
933 2830 1195 2913 interpretatione
1215 2819 1429 2894 trahunt'viri
1454 2829 1533 2894 doc-

354 2932 476 2997 tissimi.

440 3034 509 3099 Non
531 3055 657 3100 necesse
680 3036 805 3102 ridetur
834 3057 902 3102 esse
929 3036 969 3101 de
995 3035 1141 3102 omnibus
1168 3035 1217 3102 his
1239 3033 1353 3102 formis
1371 3056 1412 3101 ex
1434 3034 1534 3121 diph-

269 3217 270 3220 ,
354 3138 474 3220 thongo
495 3144 552 3202 net
552 3138 579 3203 is
596 3146 726 3205 accurat
727 3161 744 3204 e
712 3139 922 3216 coisnon-ere,
944 3139 1001 3204 sed
1023 3139 1062 3204 de
1077 3161 1141 3204 una
1156 3140 1294 3273 itemque
1309 3138 1412 3205 altere
1433 3139 1535 3204 verba?

358 3241 462 3306 fecere
483 3261 548 3305 non
570 3243 630 3306 erit
617 3242 799 3308 talionem.

626 3514 653 3578 1.
698 3509 866 3580 Locetieue
889 3513 1000 3578 tertiae
1021 3513 1251 3579 declinationis.
1355 3530 1388 3560 ν

441 3666 566 3750 Quanto
596 3692 689 3756 opere
718 3674 750 3735 in
779 3671 875 3736 tertia
903 3671 1115 3736 declinatione
1144 3671 1318 3755 permixtae
1338 3669 1409 3751 >sint
1435 3668 1534 3737 decli·

355 3776 442 3840 natio
465 3775 609 3859 stirpium
635 3775 669 3852 in
691 3776 757 3840 iet
785 3775 817 3839 in
847 3782 1072 3842 consonantem
1100 3774 1297 3851 exeuntium,
1326 3773 1393 3841 iarn
1424 3793 1534 3857 supra,

354 3899 424 3942 curn
448 3877 486 3942 de
508 3878 646 3944 ablativo
669 3877 864 3961 disputarem
881 3881 919 3970 6),
951 3878 1090 3962 exposui.
1133 3877 1238 3960 Atque
1259 3883 1296 3941 ut
1317 3878 1351 3940 in
1373 3877 1434 3947 hoc
1455 3897 1535 3944 caen

357 3984 403 4048 ite
424 3982 457 4047 in
489 3981 624 4049 locativo
652 4002 779 4065 quoque
806 3982 936 4060 accidit,
965 3988 1001 4048 ut
1029 3980 1135 4047 Plauti
1162 3986 1267 4083 aetate
1290 3978 1445 4048 locatirus
1465 3981 1497 4044 in
1521 3993 1540 4043 o

365 4107 503 4116 -ι-ψ--ι-ι

447 4159 473 4225 ἱ)
493 4157 562 4212 Vide
582 4175 668 4234 supra
686 4175 750 4228 pag.
770 4160 812 4212 2⁷.
952 4158 980 4228 2)
999 4157 1040 4212 Gt.
1059 4158 1192 4224 dulmen,
1217 4153 1397 4225 idplorech‘.
1415 4155 1454 4210 IV
1471 4157 1535 4210 241.

445 4248 472 4314 3)
491 4246 596 4302 Contra
608 4247 690 4316 Bopp
706 4246 853 4302 contendit
866 4245 987 4318 lepimim
1005 4247 1122 4302 eandem
1137 4260 1196 4299 esse
1209 4243 1327 4298 formam
1343 4260 1376 4297 ac
1388 4241 1536 4315 λεγόμενοι

354 4333 414 4389 scil.
434 4339 494 4388 este.

444 4424 471 4492 4)
489 4421 549 4477 Hae
568 4421 675 4479 formae
694 4423 779 4478 etiam
797 4422 899 4478 deduci
917 4427 1037 4492 possunt
1056 4439 1090 4476 ex
1108 4419 1195 4487 *illei
1212 4418 1304 4474 ’irtci

444 4515 473 4580 5)
492 4511 533 4566 ef.
552 4510 616 4565 Joh.
636 4510 765 4568 Schmidt
782 4510 839 4566 ΚΖ.
858 4511 965 4568 XXXII
982 4514 1035 4566 407
1054 4528 1108 4578 sq.=

445 4583 471 4674 6)
491 4601 556 4669 Peg.
576 4600 611 4654 39
631 4617 688 4670 sqq.
