3267 5184
371 335 408 402 lu
794 339 948 420 Georgius
972 336 1129 423 Wedding

447 519 455 543 ⁸
494 526 567 592 (las.
589 527 665 592 662:
689 525 868 592 Insectatur
889 527 992 593 timuis
1013 527 1100 593 domi
1121 549 1179 612 per
1199 526 1290 594 addis
1304 533 1341 612 ¹).

451 627 601 695 Similiter
614 650 665 694 res
678 650 711 694 se
727 629 825 694 habet
838 631 872 695 iu
887 651 980 696 versu
994 631 1065 696 Oua
1080 633 1153 697 696.
1188 631 1292 714 Atque
1307 633 1462 716 opinatur
1475 633 1549 699 [eo

366 733 451 797 hunc
472 754 598 816 quoque
621 753 743 800 versum
759 740 796 798 ut
815 732 932 800 Bacch.
950 735 1032 800 1128
1050 755 1119 799 esse
1139 733 1344 800 bacchiacum
1367 735 1547 800 dimetrum

366 836 575 903 acatalectum
607 824 680 902 'cum
702 835 852 902 Reiaiarm
878 857 949 904 eum
983 837 1046 921 legi
1074 837 1186 903 iubens
1208 837 1316 902 huuce
1337 839 1371 903 iu
1394 838 1548 904 modum:

494 940 577 1018 Quid
602 941 683 1005 uxor
705 945 776 1004 mea
797 940 861 1005 uon
884 940 966 1006 adiit
985 943 1082 1024 atque
1099 940 1229 1020 ademit,

365 1043 414 1109 vel
435 1064 503 1108 mec
526 1064 584 1127 per
604 1042 777 1128 synizesiu:

493 1145 576 1223 ouis
598 1147 679 1212 uxor
701 1129 771 1214 ma
792 1147 857 1212 nen
880 1143 961 1212 aurit
981 1147 1079 1229 aquo
1099 1145 1231 1224 asama

365 1271 448 1332 quae
469 1269 544 1316 vera
566 1249 679 1316 Leonis
708 1250 926 1318 videturesse
953 1250 1119 1315 manuue.
1163 1249 1227 1316 Sed
1247 1252 1371 1318 metuet
1399 1273 1460 1318 nos
1481 1254 1546 1318 do-

365 1359 437 1418 ceut
458 1352 508 1417 his
529 1353 767 1419 condicionibus
788 1375 827 1419 eo
849 1352 933 1430 loco,
961 1373 1025 1435 quo
1047 1359 1096 1418 est
1117 1373 1293 1436 pronomen
1313 1376 1391 1438 mea,
1414 1356 1546 1440 pyrrhi·

365 1456 468 1521 chium
483 1458 510 1539 ¹)
538 1475 601 1522 uon
632 1455 771 1535 admitti,
798 1463 831 1522 et
851 1453 990 1522 Skutsch
1019 1455 1172 1539 synizesin
1201 1456 1341 1524 ostendit
1370 1458 1545 1524 verborum

365 1559 450 1624 velut
471 1579 549 1636 mco,
575 1551 675 1640 meaa
704 1555 759 1625 tto
787 1559 921 1625 aliorum
952 1558 1091 1624 ciusdem
1121 1560 1245 1642 generis
1275 1561 1361 1646 apud
1393 1559 1546 1627 Plautum

365 1683 433 1728 esse
458 1663 646 1730 reiciendum
667 1665 705 1748 ³).
764 1664 852 1742 Quae
885 1683 956 1728 cum
984 1663 1031 1728 ita
1059 1663 1137 1740 sint,
1164 1661 1278 1729 leonis
1309 1664 1404 1730 lectio
1432 1687 1546 1732 versus

366 1767 436 1832 Cas.
459 1767 521 1832 696
549 1766 680 1850 probari
707 1767 832 1849 nequit3
860 1786 962 1848 neque
990 1773 1098 1832 tamen
1120 1768 1320 1832 coniecturas
1341 1788 1471 1834 necesse
1493 1776 1547 1834 est

365 1870 468 1936 versui
501 1870 617 1936 inferre
649 1876 706 1936 aut
732 1878 939 1953 transponere
973 1890 1072 1947 voces,
1107 1869 1163 1936 sed
1192 1870 1288 1937 aliam
1322 1874 1546 1958 proposuerim

364 1973 547 2038 dimetiendi
569 1974 739 2039 rationem:

568 2076 650 2154 Quid
673 2078 753 2141 uxor
775 2077 844 2142 meri
902 2097 966 2140 nou
988 2073 1068 2142 adiit
1089 2077 1186 2160 atque
1207 2075 1337 2156 ademit,

365 2181 384 2245 i.
407 2203 433 2246 e.
456 2179 589 2246 dimeter
609 2179 720 2246 bacch.
744 2179 836 2246 catal.
860 2178 1007 2245 dochmio
1029 2199 1093 2244 nou
1108 2179 1267 2246 dissimilis
1280 2185 1315 2258 ⁴),
1338 2200 1432 2264 quem
1454 2179 1546 2246 clau·

365 2282 434 2349 sula
462 2285 605 2365 sequitur
634 2283 771 2348 iambica
798 2282 942 2364 (dimeter
968 2282 1063 2348 iamb.
1087 2282 1205 2366 catal).
1258 2282 1346 2348 Inter
1370 2289 1546 2365 utrumque

367 2385 459 2452 culon
480 2393 598 2463 autem
622 2392 657 2451 ut
672 2385 863 2467 frequenter,
887 2385 1009 2470 syllaba
1024 2397 1074 2449 est
1095 2406 1223 2471 anceps.
1261 2384 1372 2469 Neque
1394 2387 1544 2451 ourittam

367 2488 537 2570 nonnullos
558 2487 671 2554 afferre
694 2488 789 2566 locos,
812 2489 846 2552 iu
868 2488 983 2570 quibus
1004 2487 1136 2553 Plautus
1159 2488 1267 2554 eadem
1291 2490 1416 2554 ratione
1438 2488 1545 2554 dime-

366 2601 449 2660 trum
473 2592 582 2657 bacch.
604 2591 697 2659 catal.
720 2613 790 2657 cum
814 2590 956 2658 clausula
978 2592 1142 2656 coniunxit
1162 2591 1299 2658 iambica
1311 2596 1355 2674 1);

450 2695 531 2762 Men.
554 2697 618 2761 972
638 2695 672 2759 in
694 2701 865 2779 systemate
885 2693 1072 2760 bacchiaco:

407 2799 601 2864 Reedrdetur
621 2799 664 2876 id,
688 2799 742 2880 qui
763 2797 856 2862 nihili
877 2800 962 2873 scint,
985 2798 1063 2880 quid
1086 2800 1131 2862 eis
1153 2799 1236 2882 preti
1253 2801 1287 2879 ⁶),

365 2910 399 2968 et
420 2902 563 2967 similiter
585 2901 698 2985 Amph.
721 2901 797 2966 638:

407 3005 583 3089 Parumper
604 3003 723 3082 datast,
746 3004 821 3070 dum
844 3006 905 3070 viri
927 3007 987 3070 mei
1009 3004 1088 3070 mihi
1112 3004 1253 3088 potdstas
1277 3003 1403 3070 videndi
1425 3005 1496 3082 fuit,

364 3110 384 3173 i.
408 3131 433 3174 e.
461 3108 594 3173 dimeter
623 3106 733 3173 bacch.
762 3117 845 3174 acat.
879 3122 908 3182 ÷
944 3109 1105 3174 dimeter
1132 3109 1324 3174 iambicus
1353 3102 1540 3182 catal-p

364 3212 525 3277 dimeter
545 3209 676 3276 bacch.
699 3211 967 3276 catalecticus
982 3214 1018 3295 ⁷).

449 3315 553 3380 Etiam
585 3334 693 3379 versus
726 3313 797 3379 Cas.
828 3312 891 3379 655
926 3335 1029 3396 neque
1062 3315 1124 3378 vim
1163 3313 1260 3379 habet
1290 3334 1393 3397 neque
1426 3318 1543 3379 aucto-

364 3418 501 3483 ritatem.
538 3415 587 3480 Ad
610 3437 733 3482 versum
751 3416 814 3482 654
830 3415 912 3482 euim
928 3416 1065 3481 adnotat
1079 3415 1160 3481 Leo:
1182 3416 1307 3496 „dicam
1324 3415 1408 3501 (ΑΡ)
1430 3416 1546 3500 (idest

363 3523 395 3586 in
432 3519 496 3586 fine
539 3520 660 3604 versus)
695 3567 855 3585 ......
892 3519 1061 3584 secundum
1100 3517 1133 3583 P
1165 3518 1285 3598 dicam,
1327 3527 1383 3585 tua
1420 3519 1545 3585 ancilla

456 3682 482 3747 1)
501 3678 542 3733 cf.
560 3677 617 3733 Leo
637 3676 674 3734 ad
692 3677 753 3732 Cas.
771 3680 832 3733 649.
851 3679 910 3732 650.

452 3769 479 3836 2)
500 3766 540 3822 cf.
567 3765 664 3836 Klotz,
691 3767 710 3821 l.
737 3785 759 3821 c.
787 3783 853 3838 pag.
878 3769 942 3823 343:
972 3766 1017 3820 die
1045 3766 1217 3836 zweisilbige
1243 3765 1371 3835 seukung
1400 3763 1483 3836 [wind
1512 3766 1544 3819 in

363 3857 511 3928 bacchien]
530 3857 576 3910 nie
595 3855 684 3911 durch
703 3856 884 3911 wortschluss
908 3872 964 3910 ron
988 3855 1039 3909 der
1057 3855 1209 3926 folgenden
1227 3855 1342 3925 hebung
1360 3855 1544 3924 ebgetreunt,

364 3946 484 4001 sonderu
504 3945 592 4000 durch
611 3945 740 4014 bludung
758 3945 810 3999 mit
830 3944 881 3998 der
899 3943 1050 4015 folgenden
1065 3944 1179 4015 hebung
1197 3946 1227 3999 in
1245 3945 1336 3999 eineru
1355 3949 1444 3998 worte
1462 3946 1545 4012 mog·

363 4035 447 4090 lichst
465 4034 594 4089 schwach
613 4033 670 4088 und
690 4033 931 4103 uuselbststdndig
950 4034 1087 4088 erhalteu.

451 4124 479 4190 3)
499 4123 600 4178 Satura
619 4121 762 4189 Viadriua‚
781 4139 847 4192 pag.
867 4124 918 4176 122
938 4139 998 4190 sqq.

451 4212 481 4282 4)
500 4210 538 4264 uf.
551 4209 618 4279 Leo,
638 4210 683 4264 die
699 4212 787 4280 plaut.
801 4214 886 4278 cant,
904 4227 968 4279 pag.
983 4211 1025 4264 15.
1100 4210 1127 4277 u)
1146 4207 1189 4263 Ol.
1202 4208 1267 4271 Leo,
1287 4208 1305 4261 l.
1320 4225 1343 4262 c.
1361 4225 1426 4278 pag.
1441 4209 1482 4263 16.
1498 4212 1543 4264 16.

450 4301 477 4371 6)
496 4300 578 4354 Parvi
596 4299 730 4353 momenti
749 4304 804 4366 est',
831 4298 907 4368 quod
932 4300 961 4352 in
989 4298 1043 4352 hoo
1068 4313 1151 4352 versu
1170 4295 1320 4351 dimetrum
1338 4297 1437 4350 bacch.
1457 4300 1544 4352 catal.

364 4389 490 4459 sequitur
508 4383 729 4442 dimeter‘iemb.
749 4387 993 4441 acatalectus.
1021 4397 1025 4404 ’

451 4475 479 4546 7)
497 4476 600 4534 Versus
613 4465 716 4551 Bacch.
731 4474 801 4530 1128
818 4491 930 4544 quoque
949 4473 994 4542 (cl.
1007 4491 1073 4544 pag.
1089 4475 1131 4543 11)
1150 4471 1249 4526 eodem
1267 4472 1352 4528 modo
1372 4473 1427 4542 legi
1444 4478 1546 4543 potest

363 4584 396 4624 ac
412 4567 472 4624 (las.
491 4567 560 4621 696:
581 4564 633 4619 Pol
654 4564 738 4620 hodie
756 4564 844 4618 alteri
890 4565 945 4618 iam
964 4564 1010 4619 bis
1028 4562 1147 4618 detonsa
1166 4561 1282 4618 cdrtost.
1398 4592 1400 4595 -
