3267 5184
417 1281 664 1367 Sententiae
690 1288 1012 1367 controversae.

170 1471 193 1535 I.
238 1471 331 1557 Apud
347 1471 495 1538 Plautum
510 1472 668 1538 ablativus
690 1475 722 1536 in
744 1482 756 1535 i
778 1472 923 1555 stirpium
938 1473 971 1535 in
993 1472 1006 1533 ι’
1027 1471 1205 1535 exeuntium
1222 1469 1302 1540 odeo

234 1578 267 1639 in
290 1577 406 1660 stirpes
427 1576 461 1640 in
484 1596 654 1641 consonam
677 1575 855 1641 desinentes
878 1596 911 1639 sc
932 1575 1117 1651 insinuavit,
1147 1580 1183 1638 ut
1210 1573 1302 1638 abla-

234 1679 315 1745 tivus
336 1680 370 1744 in
392 1681 409 1742 ὅ
429 1687 529 1764 paene
553 1686 727 1745 summotus
748 1699 815 1744 csse
837 1678 988 1743 videatur.

149 1781 188 1846 ll.
234 1781 350 1848 Catulli
378 1803 506 1848 carmen
535 1783 671 1866 primum
701 1782 742 1847 ad
771 1780 805 1846 id
834 1781 920 1864 qnod
949 1781 1039 1847 nobis
1067 1787 1223 1846 servatum
1255 1787 1303 1845 est

234 1887 406 1951 carminum
430 1907 544 1968 corpus
566 1885 678 1951 referri
700 1891 815 1968 potest.

136 1987 190 2052 Ill.
236 1988 352 2054 Catulli
381 2010 507 2055 carmen
529 1989 585 2065 49,
616 1991 648 2053 in
675 2010 738 2070 quo
766 1987 950 2070 adloquitur
979 1987 1021 2051 M.
1044 1986 1181 2052 Tullium
1213 1986 1303 2051 Cice-

233 2112 352 2170 ronem,
375 2093 493 2158 ironice
515 2093 669 2176 scriptum
692 2113 759 2156 csse
781 2093 1008 2173 interpretatus
1031 2091 1099 2155 sim.

140 2193 194 2260 IV.
237 2194 307 2260 Non
331 2196 497 2261 verisimile
519 2203 567 2261 cst
583 2195 719 2270 Albium,
742 2196 831 2259 cuius
847 2196 1035 2260 mentionem
1058 2195 1136 2259 facit
1151 2193 1302 2259 Horatius

232 2319 327 2364 curm.
350 2299 595 2383 133ctepist.
618 2299 690 2375 14,
722 2319 789 2363 esse
812 2298 940 2362 Albium
960 2297 1160 2363 Tibullum
1187 2297 1302 2380 elegio-

149 2505 190 2571 V.
234 2411 563 2571 llblllsubolllblrnandrae
579 2504 797 2590 Lycophronis
815 2503 1302 2583 1226-1280et1446-145o

234 2609 403 2691 inquibus
425 2609 545 2674 Romae
566 2609 733 2693 imperium
755 2607 897 2674 futurum
920 2608 1131 2691 praedicitur,
1159 2629 1180 2673 a
1201 2608 1302 2691 Lyco·

233 2713 355 2796 phrone
377 2715 446 2796 ipso
469 2713 604 2797 scriptos
627 2732 695 2778 csse
717 2731 840 2777 consec.

136 2815 188 2881 Vl.
234 2815 283 2880 Ex
305 2815 447 2882 versibus
469 2816 629 2882 Theocriti
653 2814 710 2880 Vll
733 2817 774 2881 39
797 2835 887 2899 sqq.:

236 2970 243 2984 .
268 2973 274 2986 .
298 2967 306 2983 .
331 2911 376 2986 ol
396 2915 456 3004 γάρ
478 2941 533 2984 πω
554 2913 624 2984 κατ’
647 2914 723 3000 ἐμὸν
744 2913 822 2985 ro'o'r
843 2907 918 2984 οὔτε
940 2911 1000 2983 τὸν
1022 2913 1141 2983 ἐσθλόν

236 3017 406 3088 Σικελίδαν
430 3018 540 3108 νίκημι
561 3021 619 3089 τὸν
641 3019 677 3087 ἐκ
699 3017 800 3104 Solum
823 3013 899 3086 οὔτε
921 3021 1070 3106 mulceor

236 3119 363 3206 ἀείδων,
387 3118 548 3212 βάτραχος
569 3123 605 3191 δὲ
628 3120 705 3191 ποτ’
727 3118 862 3210 ἀκρίδας
884 3119 928 3202 ὥς
949 3148 1000 3201 τις
1022 3120 1139 3208 &eloco

233 3223 298 3294 'non
319 3235 457 3314 apparet
478 3228 680 3294 Theocritum
702 3229 827 3294 Philota
850 3229 1002 3312 magistro
1023 3248 1115 3294 usum
1138 3248 1214 3292 esse.
