3267 5184
164 463 307 531 Hancine
328 472 386 550 ego
409 466 531 550 partem
555 464 647 554 capio
699 463 739 530 ob
762 463 914 550 pietatem
927 464 1151 549 praecipuam,
1167 471 1182 500 ⁸

160 568 191 634 h.
214 589 241 634 θ.
264 597 415 646 ..utrumq
438 595 554 632 ..Ψυ-
576 596 740 647 ..ων-..4,
764 597 892 646 -Ψυ..,

70 673 257 754 praesertim
280 692 352 738 cnm
374 672 406 737 in
429 670 489 736 hoc
511 671 581 756 ipso
605 673 728 738 caudeo
757 672 956 756 reperiantur
976 690 1085 737 sersus
1106 669 1244 747 iambici,

69 775 106 838 in
128 774 243 858 quibus
265 795 373 842 omnes
399 773 464 840 lere
491 773 608 840 theseis
639 774 762 860 syllaba
790 774 888 857 longa
915 772 1103 840 efficiuntur,
1117 772 1167 838 vel
1188 771 1246 838 du-

69 877 151 944 abus
173 879 343 962 correptis,
375 884 411 943 ut
435 875 481 943 illi
504 898 620 956 versus,
651 898 843 960 quamquam
866 877 1006 955 iambici,
1032 877 1246 960 anapaesticis

70 981 189 1046 similes
210 982 380 1050 videantur
402 1002 469 1047 esse
492 987 524 1046 et
545 1002 584 1046 ex
606 1002 670 1046 uno
692 980 777 1060 loco,
806 981 838 1045 iu
863 1003 926 1065 quo
949 1002 1012 1046 uua
1034 979 1155 1066 syllaba
1178 979 1246 1046 bre-

70 1085 119 1149 vis
146 1085 254 1169 explet
281 1083 401 1164 thesin,
433 1104 555 1150 versum
586 1083 754 1150 iambicum
785 1104 852 1150 esse
879 1090 1041 1168 appareat
1099 1083 1177 1149 Vide
1203 1085 1246 1149 sis

70 1208 196 1253 versum
224 1187 302 1253 185:

155 1289 260 1356 Nimio
284 1289 448 1358 homiuum
469 1289 619 1356 fortunae
642 1292 745 1355 minuis
768 1289 900 1356 miserari
922 1293 1147 1369 memordntur,

156 1393 188 1458 h·
210 1415 237 1458 Θ.
260 1421 439 1471 vomu-‚tq
462 1423 586 1458 ...LQ
609 1425 825 1472 uussuuss-‚

69 1497 226 1562 iambicus
247 1496 381 1562 dimeter
401 1506 484 1562 acet
498 1518 568 1562 cum
590 1496 735 1562 clausula
748 1496 899 1562 Reiaiaua
921 1495 982 1577 (rel
996 1497 1243 1582 anapaesticall.

71 1600 225 1666 Similiter
247 1621 297 1664 res
319 1621 354 1666 se
376 1599 472 1666 habet
493 1601 526 1665 in
549 1600 689 1666 versibus
713 1598 805 1665 huius
823 1600 944 1665 'cantici
965 1600 1029 1664 218
1050 1607 1082 1666 et
1104 1601 1184 1665 219:

156 1720 248 1786 Nunc
271 1721 328 1802 qui
352 1721 454 1788 miuus
478 1720 590 1799 servio,
614 1740 710 1804 quam
733 1722 761 1786 si
784 1724 874 1785 serva
895 1722 995 1786 forem
1017 1723 1118 1786 uita?

156 1823 266 1908 Neque
288 1825 459 1906 quicquam
482 1845 633 1906 umquam
655 1823 720 1889 illis
741 1823 878 1908 prdfuit,
907 1824 961 1906 qui
994 1823 1044 1890 me
1065 1825 1126 1889 sibi
1149 1822 1244 1889 ddux-

385 1951 386 1956 ¹
1142 1927 1246 2006 irunt,

157 2032 177 2096 l.
201 2053 226 2096 θ.
251 2061 415 2107 -ιυυι,
438 2061 562 2094 era-..a
586 2061 650 2093 -.ι
680 2060 770 2093 ω.-

253 2163 416 2212 uum-L,
442 2163 581 2212 ...Lu-t,
605 2164 743 2211 ...μυ-ι,
766 2163 884 2211 -.Ι-,Ἴ

7 2239 8 2306 ἶ
69 2259 213 2321 quorum.
227 2258 372 2302 versuum
397 2236 479 2310 alter
501 2243 549 2302 est
568 2236 722 2303 iambicus
737 2236 873 2306 dimeter
892 2237 989 2302 catal.
1011 2255 1082 2302 eum
1104 2236 1249 2303 clausula

7 2325 8 2336 ἵ
71 2341 224 2406 Reiziaua
240 2345 276 2424 ¹),
299 2337 381 2405 alter
401 2339 554 2406 iambicus
578 2340 783 2423 septenarius.

158 2444 275 2509 Versus
304 2442 407 2522 Truc„
425 2443 489 2508 464
519 2450 624 2508 autem
659 2464 726 2508 esse
757 2449 864 2528 potest
894 2442 1096 2513 bacchiacus,
1114 2441 1248 2514 dimeter

70 2547 166 2614 catal.
193 2567 265 2612 cum
298 2545 441 2614 clausula
472 2546 610 2612 iambica
641 2545 751 2629 (lamb.
778 2545 857 2615 dim.
884 2547 1009 2631 catal),
1038 2566 1125 2628 quos,
1140 2567 1248 2612 sersus

6 2687 8 2730 p
68 2653 133 2716 iam
166 2670 263 2734 supra
278 2655 304 2734 ¹)
337 2649 548 2715 demonstravi
578 2647 751 2715 identidem
777 2649 863 2735 apud
895 2648 1045 2716 Plautum
1071 2669 1139 2714 esse
1172 2671 1246 2716 con·

6 2755 7 2820 ζ
68 2755 211 2820 iunctos:
849 2809 873 2834 ,.
1132 2834 1135 2837 ,

6 2841 7 2856 ἶ
157 2855 331 2942 puerperio
353 2857 411 2940 egd
470 2878 554 2923 nuuc
576 2855 682 2941 medi>
703 2875 773 2921 esse
794 2855 924 2942 aegram
946 2855 1104 2922 adsimulo
1111 2883 1120 2934 3

6 3073 7 3076 Ἴ
68 2979 155 3044 inter
176 2983 347 3059 utrumque
369 2976 460 3050 colon
483 2957 662 3042 admittitur
684 2975 809 3062 syllaba
829 2996 955 3059 anceps.

157 3079 226 3154 Iam
251 3085 316 3144 tres
345 3086 515 3163 supersunt
540 3100 647 3146 versus
677 3080 768 3146 (lure.
791 3078 864 3146 294.
910 3078 1021 3144 Pseud.
1043 3080 1115 3144 939.
1161 3078 1245 3145 Triu.

69 3187 156 3252 282:
250 3231 263 3254 ,ν
669 3253 672 3257 ,

71 3355 75 3364 ,
157 3284 276 3352 Tristes
297 3288 393 3368 atque
414 3285 526 3352 ebn'oli
547 3284 715 3352 incedunt:
737 3285 791 3352 eos
814 3298 871 3371 ego
893 3287 919 3352 si
941 3284 1112 3351 offendero.

158 3388 220 3455 Sed
251 3400 308 3472 ego
336 3408 418 3470 quae
444 3388 502 3455 tibi
529 3389 615 3455 bona
643 3389 786 3458 dibeat
816 3390 946 3467 faciam,
976 3389 1013 3453 si.
1032 3388 1115 3454 hauc
1144 3386 1249 3454 sobrie

973 3511 1041 3558 rem
1061 3490 1246 3557 adcurassis.

71 3666 74 3674 ,
160 3592 241 3659 ΝόΙο
262 3606 319 3677 ego
341 3615 412 3659 cum
433 3594 589 3680 improbis
612 3596 645 3660 te
667 3596 752 3672 viris,
774 3597 874 3679 gnate
892 3595 943 3660 mi

161 3715 266 3796 Atque
287 3733 346 3796 ego
369 3714 515 3797 quidem,
544 3736 615 3781 cum
643 3717 739 3781 ceteri
760 3717 900 3798 quinque
922 3723 955 3780 et
976 3715 1248 3798 trigintaversus,

71 3818 105 3883 in
130 3815 246 3900 quibus
268 3837 321 3902 epo
342 3819 375 3882 in
397 3817 551 3903 syllabam
575 3818 763 3904 productam
779 3818 892 3884 eadere
913 3817 1050 3895 videtur,
1076 3837 1134 3882 nos
1155 3816 1249 3883 dece·

71 3921 189 4004 periut,
212 3919 260 3984 his
284 3919 385 3986 tribus
407 3941 533 4006 quoque
560 3919 656 3986 fidem
682 3943 751 3987 esse
774 3920 987 4005 derogandam
1010 3941 1131 3996 censeo,
1155 3941 1249 4004 prae-

72 4023 181 4089 sertim
204 4043 289 4100 oum,
320 4031 356 4088 ut
383 4023 447 4090 iam
476 4045 573 4106 supra
595 4025 743 4107 exposui,
776 4024 908 4102 Plautus
931 4043 1093 4114 nunqnam
1108 4024 1247 4088 eandem

72 4123 182 4192 'vocem
203 4124 253 4189 vel
275 4125 407 4192 formam
432 4127 482 4193 hic
505 4127 720 4193 terminaverit
745 4128 778 4192 iu
808 4114 950 4192 vocalem
972 4125 1160 4210 productam
1182 4126 1249 4191 illic

71 4231 106 4296 in
130 4229 264 4296 breuem.
309 4228 399 4310 Quod
422 4252 493 4296 cum
515 4231 571 4297 ita
584 4232 640 4310 sit,
674 4229 751 4294 mihi
779 4229 906 4312 quidem
937 4236 1075 4300 nonest
1103 4228 1246 4306 dubium,

77 4355 216 4368 m—

166 4423 191 4492 l)
211 4421 287 4477 cuius
306 4422 414 4481 numeri
432 4422 591 4497 anapaestis
611 4385 676 4479 sunt
695 4419 837 4477 simillimi.

163 4513 192 4581 2)
212 4510 254 4568 Ol.
273 4527 336 4584 pag.
356 4509 398 4568 la
