3267 5184
166 365 213 434 De
235 364 398 471 noualibus
420 364 582 453 productis
605 365 734 434 Latinas
757 385 848 434 voees
870 366 1121 434 terminantibus.
1186 369 1228 432 35

61 556 130 622 Mil.
159 557 254 622 1047:
279 556 349 635 Qua
371 557 412 622 ab
434 557 510 623 illa?
532 559 606 624 nam
630 559 675 622 ita
701 577 751 622 me
773 557 943 622 oooursant
968 555 1103 624 multat:
1126 553 1236 622 memi-

850 659 934 725 nisse
956 659 1042 725 haud
1065 661 1194 744 possum
1204 662 1236 740 ¹).

58 763 154 829 Most.
177 763 253 829 389:
282 763 372 830 soon
394 763 503 842 habes,
531 766 558 830 si
582 785 640 848 ego
662 761 881 829 advenientem
909 765 955 828 ita
975 762 1099 846 patrem
1122 764 1237 828 faoitm

62 967 160 1035 Poen.
183 969 260 1034 566:
288 969 350 1035 Vix
371 969 499 1052 quidem
522 969 638 1050 herulo,
658 970 707 1036 ita
729 969 914 1054 pauxillast,
945 969 1090 1053 digitulis
1117 875 1238 1054 pffl:

58 1177 153 1244 Poen.
180 1177 256 1242 705:
289 1175 372 1255 Quid
395 1177 464 1242 ita?
515 1185 526 1253 ll
571 1176 652 1255 Quia
678 1177 789 1241 eurum
818 1175 954 1258 poscunt
975 1073 1238 1257 praesentatriirili.

58 1281 154 1348 Poen.
183 1279 278 1346 1258:
316 1278 399 1344 Num
429 1281 461 1344 hi
484 1279 566 1345 falso
588 1279 751 1345 oblectant
772 1277 891 1361 gaudio
913 1281 997 1342 nos?
1016 1285 1029 1355 ΙΙ
1047 1280 1089 1342 At
1115 1301 1164 1344 me
1192 1281 1238 1343 ita

1048 1381 1081 1446 di
1102 1380 1239 1448 servent.

61 1487 148 1552 Trin.
172 1488 250 1552 447:
274 1486 375 1552 Homo
398 1485 458 1570 ego
480 1507 558 1565 sum,
582 1484 678 1550 homo
699 1483 733 1551 es
754 1485 862 1550 tuzita
884 1505 934 1549 me
948 1483 1069 1550 amabit
1083 1484 1236 1570 Inppiter.

60 1589 153 1657 Troo.
178 1590 256 1655 2762
279 1587 326 1654 Ne
347 1590 465 1672 attigas
487 1609 558 1654 me.
584 1595 598 1665 11
618 1588 706 1672 Egon
730 1597 762 1654 te
784 1591 937 1672 tangam?
964 1586 1014 1652 lta
1041 1608 1091 1654 me
1117 1589 1239 1655 amabit

1067 1693 1236 1758 strenlnm.

53 1809 55 1814 '
153 1797 202 1862 Ad
226 1796 283 1861 hos
306 1816 414 1861 vorsus
438 1795 605 1862 aeoedunt·
618 1795 681 1860 duo
702 1815 742 1860 ex
763 1794 913 1860 diverbiis
936 1793 1148 1861 Terentianis:

7 1963 9 1972 ,
63 1899 144 1965 Ειιιι.
165 1900 245 1965 697:
278 1898 453 1964 Fraterno?
490 1908 503 1975 u
544 1897 613 1963 lta.
657 1909 669 1976 ΙΙ
708 1898 864 1975 Quando?
900 1906 915 1976 n
949 1897 1051 1963 Hodie
1089 1907 1100 1976 Ι
1138 1901 1238 1978 Qutm

561 2047 564 2053 ι
912 2001 1055 2071 dudum?
1086 2009 1100 2080 ΙΙ
1133 2001 1237 2067 Modo.

63 2105 193 2170 Phorm.
214 2107 292 2171 542:
324 2104 435 2171 Itone?
483 2113 493 2182 l
544 2103 615 2169 lta.
653 2113 664 2180 ll
711 2103 793 2170 Sane
821 2104 929 2171 hercle
955 2104 1088 2188 pulchre
1110 2106 1238 2172 suades:

877 2206 973 2273 etiam
995 2214 1031 2273 tu
1054 2208 1129 2274 hino
1150 2208 1239 2275 abis?

147 2313 184 2396 2)
207 2311 255 2375 Ex
277 2311 423 2376 mutiois:

70 2415 187 2498 Amph.
210 2413 287 2479 635:
313 2412 362 2477 lta
383 2414 432 2478 dis
453 2420 502 2478 est
521 2413 683 2495 placitum,
711 2413 905 2496 voluptatem
929 2421 965 2478 ut
987 2414 1112 2480 maeror
1133 2415 1239 2480 eomes

978 2519 1238 2603 consequatuv).

66 2617 157 2701 Capt.
181 2617 262 2683 502:
285 2618 335 2684 lta
356 2639 406 2684 me
427 2618 576 2683 miserum
598 2618 773 2684 restitando
794 2617 961 2685 retinendo
968 2624 1004 2705 ⁸).

65 2719 176 2786 Pseud.
203 2721 301 2787 1253:
323 2721 373 2787 nn
393 2722 478 2786 victu
500 2722 661 2800 orcarum,
686 2723 733 2787 ita
753 2721 916 2786 munditiis
938 2721 1091 2807 dignis⁸).

147 2825 271 2890 Tantus
292 2845 439 2890 numerus
468 2845 612 2890 versuum
641 2826 776 2909 primum
798 2824 915 2908 legenti
938 2826 1052 2891 bonam
1076 2829 1238 2910 praelucet

63 2946 152 3008 spem
185 2928 230 2992 eis
262 2947 355 3011 posse
388 2927 519 3011 probari
540 2928 725 2993 adverbium
747 2929 793 2992 ito
820 2928 905 3011 apud
928 2927 1075 2995 Plautum
1102 2953 1137 2996 re
1165 2953 1239 2998 vero

62 3031 230 3096 terminari
256 3030 382 3114 syllaba
411 3032 575 3115 producta.
630 3031 691 3097 Sed
723 3038 873 3097 aoourate
907 3032 967 3098 bos
999 3053 1108 3100 versus
1135 3037 1240 3120 perlu-

64 3138 204 3198 strantes
233 3133 408 3198 videbimus
430 3154 539 3200 omnes
561 3134 636 3210 sere
649 3134 711 3200 alio
734 3133 827 3199 modo
859 3134 921 3218 legi
946 3157 1047 3218 posse,
1070 3139 1239 3204 nonnullos

67 3235 134 3300 eine
156 3235 254 3302 dubio
277 3256 345 3301 esse
367 3245 543 3321 corruptos.

150 3341 257 3422 Atque
287 3359 325 3404 ex
357 3340 421 3405 illis
450 3339 645 3422 undeviginti
679 3340 831 3417 versibus,
876 3343 931 3423 qui
958 3349 1085 3408 exstant
1121 3345 1153 3408 in
1192 3346 1238 3409 di-

64 3441 203 3520 verbus,¹
223 3443 325 3525 primo
348 3442 417 3506 looo
452 3443 639 3507 detrahendi
662 3449 736 3507 sunt
757 3443 1020 3524 quattuordecim,
1058 3466 1136 3526 quos
1167 3468 1238 3512 oum

64 3540 157 3609 hiatu
179 3543 282 3628 legere
298 3544 419 3610 licitum
434 3552 498 3610 est:

149 3651 184 3731 a)
211 3668 281 3712 eum
304 3647 395 3713 biatu
416 3649 556 3732 legitimo
578 3651 611 3714 in
634 3649 782 3715 diaeresin
1272 3718 1274 3721 ,

65 3749 181 3835 Amph.
207 3752 302 3816 1077:
330 3749 399 3816 Tua
420 3751 551 3818 Bromia
579 3751 707 3818 aneilla.
754 3741 1026 3831 lTotus'tr'meo,
1055 3756 1102 3820 ita
1124 3776 1173 3821 me
1194 3759 1239 3820 in-

119 3857 122 3863 “
941 3857 1066 3941 crepuit
1086 3858 1238 3943 Irippiter.

67 3952 160 4020 Most.
170 3955 247 4021 389:
264 3955 352 4022 Satin
367 3957 479 4037 habes,
493 3959 519 4024 si
531 3979 588 4042 ego
597 3959 814 4024 advenientem
826 3961 873 4024 ita
881 3960 1005 4043 patrem
1015 3959 1129 4031 faoitm
1140 3970 1239 4029 tuom.

74 4055 167 4124 Truo.
190 4059 267 4124 276:
299 4059 347 4126 Ns
369 4063 487 4146 attigas
519 4084 579 4128 me.
611 4071 621 4140 Ι
646 4062 736 4147 Egon
745 4064 773 4149 ⁴)
807 4070 838 4127 te
868 4065 1019 4146 tangam?
1051 4066 1098 4130 ita
1126 4087 1178 4132 me
1206 4089 1242 4131 a·

948 4167 1051 4235 mabit
1072 4170 1240 4236 streulum.

153 4266 191 4351 b)
214 4288 285 4332 oum
307 4267 396 4332 hiatu
418 4268 558 4352 legitimo
580 4275 656 4334 ante
677 4289 847 4352 personam
868 4273 1077 4355 mutatam⁶):

88 4370 217 4382 *-

158 4425 183 4493 1)
202 4424 248 4480 Sio
267 4421 392 4478 Mueller.
649 4424 676 4495 2)
695 4425 866 4480 Baoehieous
884 4426 1054 4481 hexameter.

155 4513 181 4581 8)
200 4512 371 4567 Baoehiaeus
390 4517 555 4568 tetrameter
573 4514 641 4568 acal.

159 4601 186 4670 4)
204 4599 270 4656 Vel:
291 4600 363 4672 egon
382 4606 411 4656 te
429 4600 564 4671 tangam?
586 4641 592 4655 .
612 4641 618 4654 .
639 4643 644 4654 .
770 4603 796 4670 b)
816 4601 856 4655 cf.
875 4619 939 4671 pag.
957 4603 983 4655 6.
