3267 5184
381 318 423 382 28
798 321 952 402 Georgius
977 317 1131 402 Weddiog
1243 271 1246 276 ·

380 512 462 582 orric,
478 511 561 590 post,
583 506 673 582 inter,
691 517 831 589 practer,
853 517 992 594 propter,
1015 510 1284 591 coniungerentur
1305 530 1378 573 cnm
1403 509 1554 587 ablativo,

381 607 494 672 deinde
518 629 588 672 cum
612 611 803 675 accusativo.
848 612 909 677 Sed
931 613 1068 695 primum
1091 611 1216 694 quidem
1240 613 1396 694 scriptum
1413 613 1556 678 videmus

381 712 413 774 in
450 718 578 776 senatus
612 713 758 778 consulto
784 714 823 778 de
850 714 1105 780 Bacchanalibus
1123 718 1165 798 1);
1193 717 1238 778 aei
1263 733 1337 799 quoa
1363 723 1457 798 ment,
1487 719 1557 800 quei

375 833 574 881 erroreum
597 815 665 878 aad
684 815 825 896 ferirent,
850 838 945 902 quum
965 817 1089 901 suprad
1110 819 1262 902 scriptum
1286 823 1340 897 est,
1362 817 1393 881 h.
1415 839 1441 882 c.
1465 840 1558 902 prae-

380 917 495 998 positio
527 917 674 982 adoneus
707 919 917 1005 (adversim),
951 942 970 985 a
999 941 1064 1003 qua
1097 941 1195 985 aurea
1231 920 1417 986 Latinitatis
1449 929 1559 986 aetate

381 1020 500 1102 pendet
521 1024 731 1097 accusativus,
766 1045 837 1088 curu
871 1024 1011 1088 ablativo
1038 1024 1244 1106 coniungitur
1279 1025 1311 1087 in
1340 1025 1402 1088 hac
1422 1026 1558 1108 inscrip-

381 1123 467 1188 tione
488 1131 553 1188 tam
577 1133 725 1190 accurate
748 1128 882 1209 scripta,
915 1134 952 1192 ut
973 1128 1033 1192 cod
1056 1147 1193 1191 errorem
1222 1147 1290 1192 esse
1321 1126 1470 1192 fabrilem
1493 1128 1557 1192 dici

381 1248 443 1290 non
467 1227 575 1310 possit.
620 1227 740 1294 Deinde
770 1230 803 1293 in
832 1230 945 1295 tabula
972 1231 1144 1311 Bantina¹l
1170 1231 1343 1314 reperitur:
1372 1238 1444 1313 post
1470 1251 1557 1312 croc,

381 1351 464 1412 quae
490 1330 592 1395 forma
614 1331 692 1413 quin
718 1332 877 1397 ablativus
903 1334 984 1416 sing.
1011 1334 1054 1398 sit
1082 1333 1224 1398 feminini
1252 1335 1384 1416 generis,
1414 1332 1558 1398 dubitari

381 1435 500 1516 nequit.
554 1433 754 1516 Quamquam
778 1437 885 1517 igitur
910 1437 944 1500 in
973 1436 1090 1501 Latina
1117 1457 1246 1519 quoque
1279 1435 1390 1519 lingua
1419 1457 1558 1520 praepo·

381 1537 510 1602 sitiones
532 1545 614 1621 oute,
631 1545 712 1622 post,
733 1541 827 1618 iuter,
844 1548 1133 1624 praeterpropter
1162 1540 1297 1605 fortasse
1320 1561 1391 1604 cum
1414 1539 1557 1605 ablativo

382 1641 530 1724 coniungi
551 1648 735 1724 potuerunt,
767 1650 874 1708 tamen
908 1643 985 1708 baec
1021 1643 1173 1710 adverbia
1205 1663 1270 1708 non
1299 1643 1489 1708 crediderim
1520 1665 1557 1708 ea

381 1745 503 1808 ratione
525 1752 598 1808 orta
612 1765 689 1822 esse,
712 1751 749 1810 ut
771 1748 965 1829 praepositio
980 1753 1012 1810 et
1027 1747 1131 1811 forma
1149 1746 1336 1832 (ablativus)
1357 1748 1557 1829 pronominis

381 1847 613 1911 determinativi
634 1869 655 1912 a
677 1850 912 1932 praepositione
934 1849 1076 1933 pendens
1091 1848 1315 1927 coalescerent
1338 1849 1447 1933 potius
1469 1872 1555 1927 vera,

381 1951 441 2014 nisi
463 1950 566 2029 fallor,
596 1952 817 2035 interpretatio
849 1952 977 2016 ducitur
1008 1952 1047 2016 de
1068 1952 1227 2018 adverbiis
1250 1953 1390 2018 eiusdem
1411 1952 1479 2018 fere
1499 1975 1556 2036 gc-

380 2053 464 2117 neris
486 2054 612 2117 iuter-ibi
638 2063 670 2118 et
694 2055 821 2139 postibi.
872 2054 907 2118 ln
937 2055 986 2121 his
1015 2056 1097 2119 enim
1121 2055 1198 2120 bina
1219 2056 1370 2121 adverbia
1392 2057 1491 2140 (inter
1521 2070 1550 2130 ψ

382 2156 433 2236 ibi,
448 2163 521 2240 post
548 2168 577 2229 l·
605 2158 659 2240 ibri
687 2157 866 2241 copulando
894 2159 1005 2223 iuncta
1032 2179 1100 2223 esse
1129 2159 1286 2223 neminem
1313 2157 1432 2239 effugit.
1483 2159 1555 2224 Non

381 2259 474 2323 aliter
496 2281 546 2325 res
568 2259 645 2324 mihi
667 2283 700 2325 se
722 2261 840 2325 habere
861 2261 986 2326 ridetur
1008 2265 1040 2325 in
1063 2261 1218 2326 adverbiis
1242 2263 1361 2326 interca
1383 2270 1416 2326 ct
1437 2270 1554 2346 postea,

381 2363 553 2446 inquibus
580 2363 729 2429 adverbia
759 2365 1040 2449 (praepositiones)
1070 2367 1153 2429 iuter
1181 2367 1245 2431 sive
1271 2373 1340 2450 post
1365 2367 1556 2432 coniunctae

382 2472 459 2531 sunt
479 2488 549 2530 cum
572 2467 721 2532 adverbio
744 2468 910 2555 (ablativo)
933 2483 981 2548 cc,
1011 2489 1074 2534 non
1104 2469 1199 2534 aliter
1220 2471 1254 2533 in
1277 2469 1391 2533 ceteris
1414 2470 1555 2535 eiusdem

382 2571 506 2654 generis
519 2573 554 2651 θ).

535 2778 564 2841 7.
599 2777 686 2858 Citra
699 2778 737 2862 4),
761 2785 859 2861 enirn,
882 2772 983 2860 infru,
1009 2779 1096 2841 intro
1110 2780 1147 2861 ὁ),
1170 2793 1278 2861 supro,
1301 2777 1397 2839 ultra.

466 2915 515 2980 Ex
536 2916 585 2980 his
608 2917 694 2999 apud
717 2916 867 2982 Plautum
890 2916 1063 2981 mittuntur
1085 2917 1118 2980 in
1142 2938 1163 2979 o
1185 2914 1392 2999 productam:

419 3026 488 3082 tro:

381 3041 529 3186 exAulul.
554 3122 632 3187 711:
654 3123 734 3188 Nam
758 3144 816 3205 ego
838 3123 994 3188 declinavi
1016 3121 1182 3205 paululum
1206 3142 1255 3186 me
1277 3129 1367 3187 extra
1388 3122 1481 3187 viam.

442 3246 459 3287 r
485 3247 496 3287 .·

380 3240 481 3392 biblici
495 3328 572 3392 477:
595 3327 796 3392 Confidentes
818 3327 1001 3410 garrulique
1023 3335 1056 3392 et
1078 3328 1224 3392 malevoli
1246 3341 1345 3411 supra
1367 3328 1483 3392 lacum.

381 3432 466 3497 Pers.
491 3431 568 3496 819:
597 3431 664 3513 Ego
694 3431 747 3514 pol
770 3431 825 3496 vos
847 3431 1025 3495 eradicabo.
1045 3440 1055 3508 l
1073 3433 1116 3495 At
1138 3431 1171 3496 tri
1193 3431 1263 3510 ille,
1292 3433 1348 3514 qui
1375 3443 1475 3514 supra
1497 3453 1558 3497 nos

1417 3533 1557 3599 habitat.

467 3636 629 3714 Quomodo
654 3637 691 3701 de
713 3637 764 3702 his
793 3637 950 3701 adverbiis
977 3645 1010 3701 et
1037 3636 1327 3720 praepositionibus
1347 3637 1558 3702 iudicandum

381 3741 432 3818 sit,
456 3747 593 3824 apparet
614 3761 653 3803 ex
676 3762 698 3806 s.
721 3762 746 3804 c.
771 3741 810 3803 de
832 3740 957 3819 Bacch,
985 3741 1016 3804 iu
1040 3761 1105 3824 quo
1127 3740 1278 3805 scribitur
1300 3739 1431 3804 castrari
1444 3743 1481 3823 ὅ),
1505 3761 1570 3831 arc-y

471 3932 496 4002 1)
518 3933 679 4002 Schneider,
699 3937 717 3989 l.
737 3952 760 3988 c.
779 3936 823 3988 97.
1020 3936 1047 4000 2)
1067 3934 1213 4004 Zvetajcff‚
1233 3951 1298 4003 pag.
1316 3935 1351 3987 76
1369 3936 1419 4003 (Β),
1439 3938 1473 3988 77
1492 3935 1559 4005 (23).

469 4024 494 4091 3)
514 4021 554 4075 uf.
568 4022 718 4092 postmodo,
738 4022 857 4094 deseras.
893 4023 933 4077 Cf.
947 4023 1076 4090 Skutsch,
1095 4023 1256 4077 Jahresber.
1276 4022 1321 4076 fiir
1335 4040 1443 4077 roman.
1456 4023 1560 4079 Philol.

380 4112 418 4168 IV
437 4113 479 4166 76.

469 4203 495 4266 4)
515 4199 592 4265 citra,
611 4198 697 4268 iufra,
716 4200 797 4267 ultra,
826 4200 878 4254 nisi
898 4200 990 4268 fallor,
1015 4217 1106 4269 neque
1129 4199 1202 4269 apud
1221 4200 1351 4253 Plautum
1370 4216 1460 4268 neque
1480 4203 1559 4269 apud

381 4291 464 4344 alium
483 4288 556 4341 illius
575 4289 675 4341 aetatis
702 4294 815 4356 poetam
839 4289 889 4342 tali
908 4289 970 4342 loco
989 4290 1183 4356 inveniuntur,
1209 4294 1241 4346 ut
1265 4288 1301 4345 de
1319 4288 1435 4346 ultimae
1453 4293 1560 4348 natura

380 4379 448 4451 quid
467 4377 596 4454 concludi
615 4377 713 4444 possit.

466 4468 492 4533 5)
513 4466 553 4520 Os.
574 4465 644 4520 Eun.
665 4466 735 4518 Anu.
760 4467 816 4518 118.
836 4468 889 4520 422
908 4464 950 4533 (L.
965 4463 1022 4535 Μ).

468 4557 495 4624 6)
516 4554 555 4608 Ol.
576 4553 710 4610 Oscorum
730 4553 833 4610 aitrau.
