3267 5184
330 291 372 354 2⁶2
750 288 904 372 Georgius
928 287 1084 371 Weddiug

374 477 460 542 Triu.
483 478 560 542 861:
583 477 688 554 Qutm
710 477 811 560 magis
834 475 953 559 specto,
977 477 1083 542 miuus
1104 475 1213 560 placit
1234 478 1278 542 mi
1300 475 1378 542 haec
1399 476 1503 542 brimi-

1095 579 1146 645 uis
1168 580 1285 646 facies:
1316 582 1400 646 mira
1420 588 1505 658 suut,

331 681 440 749 multis
461 683 534 750 aliis
555 683 642 752 locis.
690 683 734 748 Ut
765 689 872 749 sutem
894 705 914 748 a
936 685 1012 748 viris
1038 683 1143 748 doctis
1170 702 1279 748 versus
1306 681 1398 748 allati
1420 691 1505 760 suut

330 787 364 850 in
386 783 503 869 quibus
525 807 545 850 a
571 784 683 852 littera
704 786 890 852 nominativi
925 787 1005 869 sing.
1028 786 1151 869 primae
1177 785 1401 851 declinationis
1431 807 1507 869 pro-

330 889 428 954 ducta
450 890 500 967 sit,
524 891 570 954 ita
593 891 765 973 opinantur
788 908 856 954 esse
878 909 996 966 versus,
1027 890 1083 972 qui
1105 911 1126 952 a
1148 889 1338 972 productam
1360 890 1506 954 nomina·

320 993 472 1076 tivi-acc.
495 993 578 1077 plur.
600 998 703 1056 neutr.
725 1011 794 1074 gen.
818 990 1059 1077 confirment1).
1104 994 1211 1074 Atque
1232 991 1325 1074 ruho
1347 1013 1386 1056 ex
1401 991 1509 1056 Plauti

331 1094 449 1162 fabulis
471 1094 550 1160 haec
572 1101 763 1179 promuntur
785 1096 931 1177 exempla
946 1097 991 1179 ll:

333 1221 371 1264 ex
394 1198 558 1264 diverbiis:

418 1323 446 1366 a.
477 1322 516 1368 ex
538 1302 682 1368 iambicis
705 1302 856 1367 senariis:

331 1405 443 1472 Pseud.
467 1405 544 1470 563:
568 1405 618 1470 Me
639 1404 760 1470 idcirco
783 1402 864 1470 haec
885 1406 979 1469 trinta
1001 1404 1145 1470 facinora
1166 1405 1363 1487 promittere.

417 1509 447 1574 b.
480 1530 519 1574 ex
542 1507 714 1594 trochaicis
736 1507 943 1591 septenariis:

333 1615 421 1678 Asin.
447 1613 522 1678 199:
550 1611 662 1678 Odtert
684 1631 767 1693 quae
789 1610 933 1676 volumus
954 1611 1003 1676 uti
1026 1610 1150 1676 Graeca
1171 1611 1352 1677 mcrcamrir
1372 1611 1443 1677 fide.

332 1713 414 1782 Meu.
437 1716 515 1781 900:
550 1714 638 1792 Quasi
672 1735 722 1778 me
748 1713 829 1778 clam
864 1716 955 1779 ratris
985 1735 1055 1778 sum
1085 1713 1205 1792 iacere,
1235 1735 1274 1779 ca
1304 1715 1411 1780 dmnia
1432 1715 1511 1781 iecit

1389 1819 1509 1901 palam.

262 1953 265 1960 =
333 1919 397 1985 Mil.
423 1921 519 1985 1314:
554 1920 637 1998 Quid
668 1921 735 1985 vis?
755 1928 768 1996 ΙΙ
790 1918 874 1994 Quin
902 1928 938 1986 tu
967 1919 1056 1985 iubes
1083 1919 1197 1985 ecfdrri
1219 1921 1327 1986 omnia
1348 1942 1432 2004 quse
1453 1924 1510 1986 isti

552 2025 553 2028 ’
1410 2023 1507 2088 dedi?

332 2125 399 2191 Mil.
426 2127 523 2190 1338:
546 2107 641 2191 Exite
663 2128 761 2208 ttque
782 2125 900 2190 ecferte
920 2125 982 2190 huc
1004 2127 1094 2191 intus
1116 2126 1221 2192 omnia
1244 2147 1327 2209 quae
1349 2127 1404 2192 isti
1425 2126 1509 2191 dedi.

333 2230 398 2295 Mil.
418 2230 515 2294 1408:
538 2229 677 2294 Obsecro
699 2227 807 2294 hercle
829 2229 872 2305 ta,
894 2236 932 2293 ut
954 2242 1023 2294 mea
1045 2227 1142 2295 verba
1160 2229 1276 2295 auidiis
1298 2231 1389 2313 prius
1410 2233 1507 2313 quam

1408 2342 1508 2400 secat.

334 2435 412 2502 sud.
433 2437 532 2501 1086:
555 2419 598 2502 Et
620 2435 803 2520 crcpdndia.
820 2445 834 2514 n
850 2435 942 2514 Quid,
966 2438 993 2501 si
1015 2435 1053 2501 da
1068 2443 1145 2502 sunt
1166 2437 1272 2501 edred.
1287 2445 1301 2514 ΙΙ
1318 2434 1401 2514 Quid
1423 2437 1508 2502 istrie

1384 2542 1462 2606 tua?
1480 2545 1507 2625 ³)

418 2644 540 2720 Quibus
573 2651 694 2726 septem
730 2642 874 2708 versibus
909 2641 1005 2706 fidem
1041 2661 1109 2707 esse
1140 2641 1356 2726 derogandam
1387 2663 1508 2707 censeo.

333 2746 466 2828 Versum
487 2744 551 2810 Mil.
569 2746 650 2810 1408
673 2745 755 2810 euim
780 2745 919 2812 dimetiri
941 2744 1064 2810 licitum
1087 2752 1137 2810 est
1157 2766 1229 2810 cum
1252 2744 1344 2810 hiatu
1366 2745 1507 2828 legitimo

332 2850 365 2913 in
390 2849 523 2914 diaeresi
537 2851 584 2933 Q:

376 2953 515 3018 Obsecro
536 2950 642 3017 hercle
665 2959 706 3030 te,
730 2954 767 3015 rit
790 2959 860 3016 mea
881 2949 980 3016 vdrba
1001 2942 1115 3015 audias
1137 2953 1343 3034 priusquam
1367 2959 1455 3018 secat
1469 2957 1505 3034 ⁶),

332 3062 365 3120 et
387 3057 419 3118 iu
441 3077 466 3119 v.
489 3053 569 3118 Rud.
596 3053 676 3118 1086
705 3062 780 3119 aute
807 3074 978 3138 personam
1001 3061 1157 3119 mutatam
1180 3053 1303 3138 syllaba
1325 3054 1508 3120 admittitur

332 3179 458 3241 anceps,
482 3163 519 3222 ut
541 3157 734 3222 mutatione:
1385 3147 1389 3156 ’

632 3259 710 3326 (lum
734 3259 925 3343 crepundiis.
943 3267 953 3337 Ι
970 3259 1052 3338 Quid
1069 3309 1075 3323 .
1092 3310 1098 3322 .
1115 3294 1164 3338 .·.,

332 3387 429 3447 quam
451 3363 652 3429 commendet
674 3363 746 3440 Leo,
770 3383 834 3427 non
857 3383 937 3446 opus
959 3364 1010 3440 sit,
1034 3383 1230 3446 quamquam
1253 3364 1287 3428 in
1309 3366 1419 3429 eadem
1442 3364 1507 3430 fere

332 3491 366 3534 re
395 3467 542 3533 Plautum
565 3488 627 3531 non
651 3488 731 3550 nego
754 3467 918 3550 scripsisse
939 3487 1009 3531 eum
1032 3467 1213 3550 crepundiis
1234 3463 1313 3532 Rud.
1341 3467 1422 3531 1362
1444 3490 1507 3552 sg.:

580 3591 643 3634 una
664 3556 760 3635 istinc
783 3570 908 3636 cistella
931 3570 1065 3655 &ncepta
1089 3570 1139 3636 est
1162 3569 1254 3636 modo

370 3763 372 3766 ,
421 3709 659 3780 notensem,
685 3712 862 3780 Aussprache
880 3712 916 3780 ΙΙ,
934 3713 997 3767 460,
1033 3710 1390 3778 Buecheler-Wiudekilde,
1417 3714 1508 3768 Decli-

331 3801 429 3854 nation
448 3816 511 3869 pag.
531 3803 574 3853 40.
612 3799 801 3866 Stedelmsun,
821 3801 839 3854 l.
859 3818 884 3855 c.
902 3817 967 3870 pag.
986 3802 1030 3854 28.
1564 3791 1567 3795 ’

419 3891 446 3957 2)
466 3887 551 3942 Omisi
571 3904 618 3942 eos
641 3905 737 3942 versus
761 3889 856 3957 (lamb.
876 3894 949 3959 sept.
967 3894 1030 3955 oct,
1050 3905 1131 3956 susp.
1151 3892 1222 3957 sept.
1243 3890 1325 3957 oet),
1354 3891 1384 3943 in
1407 3891 1509 3959 quibus

332 3977 447 4045 syllaba,
468 3977 503 4031 de
520 3995 575 4046 qua
595 3976 728 4046 dicimus,
758 3994 818 4032 eam
837 3983 915 4033 tenet
934 3978 1044 4044 sedem,
1072 3978 1100 4031 iu
1130 3994 1184 4046 qua
1212 3977 1373 4033 admittitur
1400 3981 1510 4049 syllaba

332 4083 442 4135 auceps,
462 4066 584 4120 velutin
603 4065 732 4121 diaeresi:
754 4067 854 4136 Amph.
875 4069 951 4122 1055.
969 4066 1045 4120 Asin.
1063 4068 1125 4120 419.
1143 4069 1196 4121 613
1217 4107 1244 4120 ..
1263 4107 1269 4121 .

421 4155 448 4224 3)
466 4154 537 4210 Rud.
560 4158 636 4212 1216.
656 4155 743 4212 1222:

478 4243 597 4298 Omnian
616 4244 701 4298 licet?
715 4246 724 4314 ΙΙ
738 4244 826 4299 Licat.
847 4244 896 4299 sed
915 4244 975 4298 sein
994 4243 1061 4313 quid
1080 4243 1122 4297 est
1141 4243 1217 4312 quod
1237 4243 1265 4297 te
1284 4245 1369 4299 volo?

482 4332 624 4403 Omnit<n>
641 4333 728 4388 teet?
740 4341 751 4394 ΙΙ
763 4333 857 4388 Licet:
876 4333 931 4387 tibi
950 4332 1060 4387 rrirsum
1078 4331 1170 4392 rtfero
1189 4322 1320 4403 prinam,

330 4442 348 4476 a
367 4421 505 4492 producta
524 4426 567 4477 est
585 4421 613 4475 vi
631 4421 786 4492 positionis.

417 4511 445 4581 4)
464 4510 505 4566 Ol.
524 4527 586 4581 pag.
608 4512 648 4568 13.
791 4511 821 4578 5)
841 4510 887 4567 sie
904 4509 973 4566 Leo.
