3267 5184
390 315 431 378 38
749 312 752 318 ’
799 310 953 394 Georgius
976 308 1133 392 Wedding

413 543 415 548 ·
475 501 621 584 Denique
644 521 766 566 versum
789 498 902 566 Pseud
926 499 1008 564 1253
1029 495 1164 583 praebet
1186 497 1434 565 Ambrosianus:

436 603 487 670 Ita
508 605 591 670 victu
614 609 764 670 excusate
786 603 834 670 ita
855 603 979 687 magnis
1001 600 1161 677 munditie
1184 601 1234 666 dis
1255 600 1371 686 dignis,

392 729 486 790 quem
508 706 735 792 suppleverunt
758 705 1016 772 Goetz·Sehoell:

434 810 484 876 lte
506 812 592 876 victu
616 810 776 888 excitate,
799 811 846 874 ite
869 809 994 892 magnis
1015 806 1181 875 munditiis
1202 806 1318 894 di<vi>s
1339 807 1454 893 dignis,

387 921 423 979 et
445 912 651 992 Studemund‚
675 911 758 980 stud.
781 912 895 978 1404:

435 1016 484 1081 Its
505 1019 590 1082 vietu
611 1017 772 1095 excurato,
794 1017 842 1082 itd
864 1017 987 1099 magnis
1010 1013 1175 1080 munditiis
1196 1013 1261 1100 (et)
1281 1013 1330 1080 dis
1352 1015 1467 1099 dignis,

391 1141 455 1186 nen
478 1119 626 1188 bacchius
648 1140 716 1186 esse
737 1118 960 1202 intellegentes
982 1116 1037 1184 sed
1054 1125 1258 1201 anapaestos.

472 1223 590 1290 *Nullus
622 1223 719 1306 igitur
743 1227 848 1288 exstat
869 1221 968 1298 leena,
1002 1241 1065 1304 quo
1088 1223 1135 1286 ltu
1164 1220 1228 1302 (vel
1256 1223 1390 1306 depae)
1411 1222 1572 1305 products

394 1326 581 1390 terminetur
603 1322 737 1410 syllaba.
791 1324 870 1389 Cum
896 1329 1004 1388 autem
1030 1322 1138 1388 omnia
1158 1323 1320 1399 adverbia,
1350 1343 1434 1406 quae
1455 1324 1489 1388 in
1510 1323 1573 1388 lin-

393 1448 455 1511 gua
478 1427 592 1494 Latina
614 1434 729 1492 exeunt
751 1428 784 1492 in
808 1449 838 1506 a,
867 1427 1035 1492 mittantur
1056 1427 1090 1491 iu
1113 1447 1133 1490 u
1154 1424 1353 1510 productam,
1377 1425 1452 1491 olim
1474 1427 1572 1491 luisse

396 1531 565 1596 verisimile
598 1538 647 1596 est
679 1530 812 1596 formem
844 1531 914 1594 *ite
936 1525 1142 1615 <etymblogio
1163 1537 1213 1594 est
1234 1529 1399 1611 obseura),
1432 1528 1487 1594 sed
1523 1530 1573 1594 cui

400 1654 459 1717 per
482 1633 580 1717 legem
596 1631 771 1698 iamborum
794 1633 1002 1716 correptionis
1014 1633 1093 1716 ipsis
1115 1632 1257 1716 antiquis
1279 1631 1475 1717 temporibus
1498 1632 1574 1698 sub·

397 1737 434 1802 iit
456 1735 559 1802 ferma
580 1739 634 1801 itm

900 1875 949 1938 12.
970 1873 1063 1954 Quia.

486 1995 746 2061 Coniunctionem
775 1997 852 2077 quio
872 1994 1091 2060 deducendam
1122 2013 1190 2060 esse
1216 1993 1392 2077 Cerssen1)
1415 1994 1477 2059 sibi
1499 2015 1574 2077 per·

401 2100 501 2164 suasit
524 2117 565 2164 ex
586 2097 821 2164 instrumenteli
844 2117 891 2182 sg.
913 2098 1036 2162 relativi
1058 2099 1255 2182 pronominis
1269 2110 1326 2182 qui
1345 2103 1377 2162 et
1398 2118 1438 2163 ex
1459 2097 1574 2161 edver-
1633 2091 1634 2136 l

397 2202 449 2268 bie
471 2204 550 2266 lum:
587 2201 736 2287 *qualum
771 2223 836 2284 qun
865 2221 903 2265 ex
930 2201 1034 2266 forma
1063 2207 1170 2265 tamen
1198 2199 1287 2264 nullo
1317 2200 1412 2266 modo
1440 2200 1575 2265 evadere

397 2307 506 2389 potuit
526 2304 727 2390 pyrrhichius
756 2313 841 2390 ῳιίᾰ.
899 2304 980 2369 Nam
1002 2311 1228 2387 praeterquam
1250 2303 1336 2386 quod
1357 2302 1575 2388 iproduotam

398 2407 613 2474 desideramus
635 2417 702 2473 exi
719 2411 779 2482 Η
801 2416 916 2485 ortam,
938 2407 1080 2490 intellegi
1102 2407 1223 2489 nequit,
1247 2407 1303 2490 qui
1324 2407 1445 2472 fautum
1464 2408 1515 2480 sit,
1539 2414 1576 2471 ut
1632 2406 1633 2459 l

398 2533 429 2576 ru
463 2511 570 2576 littera
600 2510 706 2578 finalis
739 2511 884 2576 interiret
912 2519 945 2575 et
971 2531 1013 2575 ne
1048 2511 1214 2592 vestigium
1243 2509 1372 2592 quidem
1399 2512 1448 2574 sui
1476 2510 1576 2575 relin-
1632 2566 1633 2599 Ξ

399 2623 518 2697 queret.
571 2613 641 2680 Hue
673 2613 807 2692 aceedit,
841 2613 927 2696 qnod
958 2633 1041 2695 quae
1073 2634 1149 2678 vera
1170 2611 1263 2677 huius
1296 2611 1437 2678 adverbii
1461 2613 1504 2678 sit
1531 2615 1576 2678 in·

398 2719 613 2803 terpretatio,·
652 2726 700 2782 est
754 2718 787 2781 in
834 2724 999 2800 promptu:
1045 2716 1169 2781 scilieet
1220 2718 1433 2782 nominativus
1446 2738 1575 2782 -aeeus

401 2823 484 2905 plur.
515 2831 617 2886 neutr.
648 2842 718 2904 gen.
755 2821 951 2904 pronominis
993 2819 1117 2886 relativi
1145 2826 1186 2914 'et
1221 2819 1289 2884 eius
1325 2821 1444 2903 stirpis,
1480 2841 1576 2902 quam

403 2925 463 2989 hoe
490 2945 665 3008 pronomen
697 2927 816 3007 reeepit
849 2944 889 2987 ex
918 2925 1191 3005 interrogatum).
1252 2921 1330 2987 lude
1357 2923 1442 2988 inter
1466 2943 1501 2988 se
1531 2945 1577 2988 re

399 3027 557 3111 spondere
578 3033 712 3110 apparet
738 3026 858 3092 formas
879 3027 974 3110 *quid
996 3034 1028 3090 et
1048 3028 1140 3111 qui-d
1161 3032 1198 3091 ut
1219 3017 1360 3090 'meri-o
1392 3031 1426 3090 et
1445 3028 1576 3103 mario,

401 3132 461 3195 etsi
485 3133 546 3194 iam
569 3128 655 3213 apud
678 3129 828 3194 Plautum
853 3149 1020 3211 nusquam,
1042 3137 1079 3194 ut
1101 3127 1235 3206 videtur,
1259 3129 1334 3211 quie
1354 3127 1479 3194 relativi
1502 3128 1577 3193 iun·

397 3236 483 3317 gitur·
511 3234 624 3317 sicel).
686 3232 765 3298 Cum
798 3239 905 3297 eutem
927 3253 948 3295 u
971 3231 1111 3297 litteram
1143 3229 1270 3297 finalem
1299 3233 1576 3315 nominativi-soe.

398 3338 472 3421 plur
487 3343 588 3402 neutr.
612 3356 682 3419 gen.
699 3335 803 3400 Plauti
826 3342 930 3400 aetate
952 3341 1132 3418 correptam
1153 3335 1250 3400 fnisse
1265 3356 1365 3418 supra
1380 3335 1578 3401 demonstre-

379 3441 480 3525 visse
502 3439 579 3505 mihi
604 3437 718 3515 videar,
753 3437 832 3521 quid
862 3437 1063 3502 verisimilius
1096 3444 1144 3502 est
1177 3459 1274 3520 quam
1295 3439 1329 3502 in
1354 3439 1578 3504 coniunctione

387 3545 475 3628 'qula
504 3562 631 3625 quoque
665 3541 810 3606 ultimam
852 3561 916 3605 non
956 3545 1114 3605 servatam
1153 3561 1222 3605 esse
1250 3539 1449 3625 productam,
1483 3562 1578 3625 prue-

399 3646 506 3711 sertim
532 3665 604 3710 eum
623 3644 723 3729 legem
750 3642 926 3708 iamborum
953 3643 1160 3727 surreptionis
1191 3643 1292 3728 (quse,
1314 3643 1438 3728 quidm)
1463 3644 1578 3709 ultima

398 3755 436 3813 ut
458 3749 666 3822 breviaretur,
701 3767 738 3811 eo
765 3746 891 3812 facilius
913 3744 1038 3811 efficere
1060 3743 1245 3844 oporteret?
1266 3744 1335 3810 Hoc
1355 3744 1575 3824 confirmetur,

402 3851 505 3934 quud,
538 3851 592 3916 ubi
621 3849 708 3934 apud
734 3847 883 3916 Plautum
913 3848 1002 3914 finali
1035 3849 1117 3914 ictus
1139 3853 1187 3914 est
1208 3849 1239 3913 iu
1264 3847 1390 3933 syllaba
1398 3854 1441 3934 ⁴),
1473 3871 1576 3934 usque
1630 3835 1633 3842 ¹

492 4010 517 4073 1)
537 4007 837 4078 Ansspraehe11850.
1093 4006 1121 4073 2)
1140 4005 1179 4061 cf.
1199 4006 1264 4075 Leo,
1283 4008 1372 4077 plaut.
1391 4007 1494 4063 iorseh.
1512 4011 1575 4064 287.

487 4097 513 4166 3)
533 4097 565 4150 V.
591 4096 658 4152 (list.
678 4098 730 4151 682
756 4096 891 4151 exhibent
919 4093 1030 4150 aodioes
1055 4095 1094 4150 13¹
1114 4100 1142 4149 et
1162 4094 1203 4150 (λε
1232 4095 1314 4150 Nune
1333 4097 1453 4167 vestigia
1478 4097 1526 4151 hie
1553 4097 1578 4151 si

400 4185 480 4256 quia
508 4186 573 4240 sunt
591 4185 744 4253 noseits'tbo‚
769 4185 818 4240 sed
838 4185 867 4239 in
885 4183 940 4237 hoe
954 4200 1035 4265 versu
1064 4200 1130 4237 num
1159 4183 1250 4238 forma
1268 4184 1333 4254 quia
1352 4184 1517 4255 reoipienda
1534 4186 1578 4252 sit,

401 4293 434 4330 eo
454 4275 542 4344 megis
567 4275 705 4328 insertum
725 4278 775 4342 est,
808 4289 872 4328 eum
898 4273 952 4326 hee
969 4272 1115 4326 beeehiaoi
1135 4274 1292 4327 tetrametri
1311 4271 1377 4327 sede
1401 4274 1578 4344 pyrrhichius

402 4381 459 4418 non
486 4363 654 4418 admittatur
673 4363 725 4418 nisi
745 4363 829 4418 sertis
848 4361 1066 4419 eondioiouibus.
1108 4360 1149 4415 (li.
1169 4379 1253 4431 supra
1271 4379 1337 4432 pag.
1360 4365 1400 4418 12.
1445 4363 1578 4434 Ambigui

399 4457 464 4506 sunt
483 4452 568 4506 etiam
587 4468 696 4505 versus:
716 4451 774 4505 Mil.
796 4451 866 4506 1814
885 4455 914 4505 et
935 4451 1016 4517 lueet
1036 4448 1073 4503 el'.
1093 4466 1156 4519 pag.
1175 4452 1218 4504 23.

482 4561 510 4629 4)
528 4559 696 4628 Plerumque
715 4557 937 4629 deprehenditur
949 4576 956 4610 ε
968 4560 1033 4627 quil
1061 4557 1106 4612 vel
1123 4562 1186 4628 quta?
1202 4569 1241 4604 s..
