3267 5184
220 331 264 395 De
287 328 447 396 vocalibus
469 331 633 414 productis
656 331 786 398 Latinas
810 349 900 395 voces
922 326 1176 393 terminantibus.
1263 330 1284 394 n

196 519 351 597 Quonism
379 516 442 585 illis
468 519 613 586 undecim
640 518 781 585 uersibus
807 517 952 584 iambicis
985 514 1119 582 senariis
1144 515 1284 582 auctori·

97 627 208 688 tatem
232 643 294 688 non
327 622 427 687 inesse
455 622 533 688 satis
561 622 826 694 demonstravisse
856 619 933 686 mibi
960 619 1083 695 videor,
1112 617 1285 686 converdte

97 725 260 792 nunciam
281 725 402 792 animos
424 724 466 791 ad
488 726 669 792 trochaicus
691 725 903 810 septenarios,
935 723 1110 807 exquibus
1130 721 1285 788 adhiben-

97 835 161 894 tur
183 849 291 894 versus
312 835 395 894 tres:
910 897 916 901 ,

152 932 224 998 (las.
238 932 319 998 814:
343 931 383 997 Di
407 931 511 998 hercle
528 935 578 998 me
596 933 728 1016 cupiunt
741 937 909 999 servatum
941 929 1011 998 Iam
1031 928 1155 997 oboluit
1168 927 1284 998 casim

1162 1031 1284 1116 procul.

151 1139 243 1203 Cure.
260 1139 337 1204 6022
360 1137 454 1204 Peter
470 1140 567 1206 istum
583 1143 607 1219 1)
628 1159 715 1206 meus
730 1139 902 1222 gestittvit
918 1140 931 1224 l
948 1139 990 1203 At
1011 1151 1082 1204 mea
1102 1134 1283 1203 matertera.

150 1241 237 1308 Pers.
260 1243 339 1308 516:
368 1241 456 1322 Quas
477 1244 576 1308 istaec
598 1242 740 1308 Fortuna
762 1238 985 1327 lucrificastil
1004 1241 1089 1308 Istus
1116 1237 1200 1323 quae
1228 1260 1284 1304 no-

1097 1345 1175 1409 rrint
1194 1359 1282 1425 roga.

102 1450 157 1514 Ex
180 1445 294 1531 quibus
322 1449 443 1514 minimi
470 1449 563 1533 pretii
598 1455 647 1514 est
675 1469 784 1514 versus
813 1447 899 1514 Pers.
920 1449 1001 1525 516,
1034 1468 1105 1514 cum
1137 1447 1220 1512 inter
1250 1466 1285 1511 se

101 1551 290 1636 discrepent
323 1551 550 1619 Ambrosianus
583 1558 616 1617 et
643 1551 791 1620 Palatini.
844 1551 887 1616 Hi
918 1553 1001 1616 euim
1034 1572 1157 1616 versum
1189 1570 1284 1634 prac-

102 1656 199 1733 bent,
234 1662 397 1739 utsupra
424 1677 495 1720 eum
523 1655 632 1733 attuli,
666 1655 760 1740 longe
788 1653 883 1721 aliter
910 1661 1017 1721 autem
1040 1653 1283 1720 Ambrosianus:

102 1757 630 1836 LVGRIFERAESTFORTVNA,
662 1779 727 1842 qus
758 1759 792 1824 in
826 1757 963 1825 lectione
994 1756 1075 1824 nihil
1104 1765 1153 1823 cst
1183 1755 1284 1822 offen·

103 1861 215 1928 sionis.
259 1861 332 1927 lure
353 1862 451 1946 igitur
474 1863 612 1946 legemus
635 1862 719 1928 huno
742 1882 880 1927 versum:

150 1963 240 2042 Qube
262 1965 361 2030 istaec
384 1965 535 2031 lricriicra
556 1965 605 2031 est
618 1965 781 2031 ¹Fortuna
798 1973 809 2044 1
825 1964 908 2032 Istas
929 1963 1011 2048 quae
1032 1966 1152 2030 norunt
1172 1984 1250 2048 roga
1259 1965 1286 2047 1)

103 2089 179 2134 cum
203 2067 295 2134 biatu
318 2069 457 2152 legitimo
478 2069 512 2133 in
535 2069 669 2135 diaeresi
693 2074 821 2134 stante
842 2088 1013 2153 personam
1035 2072 1191 2134 mutatam
1204 2067 1240 2153 ⁸).

193 2171 311 2237 Versus
334 2173 423 2237 (lure.
448 2174 510 2237 602
541 2171 717 2238 traditusne
745 2172 786 2236 sit
817 2178 917 2249 recte,
947 2178 982 2238 et
1011 2171 1074 2237 leo
1096 2170 1225 2237 dubitat
1251 2176 1284 2236 et

106 2275 141 2340 C.
164 2274 198 2340 F.
222 2275 269 2339 W.
292 2273 434 2342 Mueller.
479 2277 583 2359 Atque
604 2273 681 2353 Leo,
713 2275 788 2358 quia
809 2274 1022 2359 corruptelam
1044 2275 1195 2358 opinatur
1216 2295 1284 2340 eme

106 2383 183 2442 ante
203 2397 372 2460 personam
395 2385 561 2454 mutatum,
582 2378 614 2443 iu
637 2376 777 2443 editions
798 2377 925 2444 scribit:

136 2467 250 2545 'Peter
271 2480 367 2544 istum
392 2501 479 2545 meus
499 2481 664 2564 gestitavit
684 2481 731 2559 *ΙΙ
747 2482 791 2547 At
813 2501 883 2546 mea
905 2487 1077 2546 matertera

107 2583 143 2647 in
165 2581 371 2648 adnotatione
394 2581 550 2648 adiciens:
572 2582 645 2650 fort.
666 2584 823 2670 pastinavit
836 2583 949 2666 (olim).
992 2583 1112 2648 Corma
1133 2581 1168 2648 0.
1184 2580 1218 2645 F.
1234 2579 1281 2647 W.

109 2684 241 2750 Mueller
269 2686 523 2752 coniunctionem
553 2692 587 2752 ct
614 2693 795 2770 corruptam
825 2707 894 2753 esse
920 2687 1086 2770 suspicans
1112 2685 1191 2751 dicit
1211 2684 1233 2750 l.
1255 2707 1282 2750 c.

109 2807 181 2872 pag.
197 2789 235 2853 9:
257 2787 309 2853 ich
332 2786 384 2852 nir
405 2789 508 2854 meins
530 2809 646 2873 person
668 2789 782 2874 glsubc
802 2790 901 2866 nicht,
923 2789 998 2856 dass
1020 2809 1095 2855 man
1115 2789 1150 2854 in
1170 2789 1282 2872 irgcnd

109 2891 195 2957 einer
216 2890 350 2975 spraohe
377 2913 412 2957 so
441 2892 635 2977 disputieren
666 2893 758 2960 uird:
792 2893 876 2972 „den
903 2893 976 2976 ring
1001 2891 1061 2959 hat
1085 2892 1168 2958 mein
1191 2897 1283 2959 vater

109 3000 291 3078 getragen“.
336 2995 471 3073 „‚‚Aber
493 2996 595 3062 meins
616 3001 763 3062 tante““‚
809 2997 914 3078 Atque
940 2994 1002 3062 hoc
1023 2994 1151 3078 quidem
1173 3015 1282 3081 assen-

110 3096 171 3162 tior
192 3096 345 3163 Muellero
373 3099 590 3184 corruptelam
619 3119 684 3165 non
716 3119 785 3165 esse
811 3099 845 3164 in
873 3099 918 3165 eis
948 3098 1068 3178 verbis,
1099 3118 1183 3183 quac
1204 3098 1283 3165 facit

110 3199 298 3278 Planesium,
322 3199 377 3266 sed
402 3202 434 3265 in
459 3203 513 3280 eis,
535 3223 618 3285 ques
641 3201 797 3268 Curculio.
839 3202 1036 3286 Responsum
1058 3207 1174 3281 autem,
1195 3202 1282 3286 quod

110 3301 211 3378 reddit
232 3305 402 3387 parasitus,
425 3305 558 3371 Mueller
580 3325 681 3388 neque
703 3306 866 3390 perspexit
887 3326 998 3389 neque,
1028 3326 1111 3389 quae
1132 3305 1282 3372 coniunc-

111 3407 190 3471 tioni
212 3414 246 3472 ot
267 3407 350 3474 inest
371 3409 417 3473 vis
438 3408 652 3487 adversativa,
682 3410 764 3476 tanti
792 3409 881 3488 lecit,
909 3409 1021 3493 quenti
1048 3416 1099 3476 est
1123 3407 1280 3475 facienda

112 3510 228 3592 Atque,
257 3510 318 3575 nisi
346 3512 453 3578 omnis
479 3533 529 3578 me
551 3511 682 3593 fallunt,
712 3533 786 3580 vera
816 3512 911 3580 buius
932 3532 1040 3579 versus
1060 3512 1281 3596 interpretatio

111 3620 158 3678 cst
176 3611 270 3678 haenc
302 3614 406 3692 „mein
428 3621 517 3681 veter
539 3616 597 3683 hat
618 3615 679 3682 den
701 3617 774 3700 ring
795 3622 980 3700 getragen“.
1023 3614 1157 3695 ,‚„Aber
1179 3616 1281 3681 meino

110 3721 196 3782 tante
217 3715 275 3781 bet
295 3716 378 3782 duch
399 3725 503 3795 —““,
530 3720 549 3784 i.
575 3740 601 3785 s.
626 3719 761 3787 mediam
784 3718 983 3787 Curculionis
1009 3720 1185 3786 orationem
1207 3718 1279 3785 Pla·

112 3819 226 3884 nesium
249 3820 451 3905 interrumpit
474 3822 630 3908 verbis⁴):
660 3825 813 3888 malerei
836 3822 987 3888 utendum
1009 3821 1146 3887 decem
1192 3821 1280 3900 Quae

112 3943 178 3988 cum
199 3924 246 3989 ita
267 3923 340 4000 sint,
365 3944 427 3990 non
448 3924 515 3990 alie
536 3927 720 3992 coniecerim
738 3946 817 4011 opus
838 3947 906 3992 esse
927 3925 1103 3992 mutatione
1123 3926 1186 3991 nisi
1206 3933 1281 4010 post

112 4025 358 4093 coniunctionem
387 4033 420 4092 ut
446 4027 562 4094 addere
588 4028 780 4113 perticulam
802 4031 888 4095 enim
904 4034 929 4112 15)
950 4029 1000 4094 vel
1015 4029 1086 4114 pol,
1114 4049 1194 4111 quas
1215 4049 1279 4094 nou

114 4149 183 4196 raro
205 4130 436 4197 coniunctionis
457 4137 493 4196 ut
513 4152 630 4216 augere
653 4134 714 4197 vim
737 4133 816 4200 satis
838 4141 949 4198 notum
971 4138 1036 4197 est:

151 4231 244 4299 Peter
267 4234 362 4299 istum
386 4255 473 4302 meus
495 4233 666 4320 gestitavit.
680 4244 693 4316 1)
711 4238 753 4301 At
773 4237 886 4321 (enim)
907 4235 978 4303 mes
1001 4235 1175 4302 matertera
1196 4274 1247 4300 -.

1136 4343 1278 4357 .-

196 4394 221 4458 1)
238 4391 298 4447 soil.
317 4391 437 4447 comm.
571 4395 597 4465 2)
617 4395 795 4450 Ambrosiani
813 4395 964 4450 lectionem
982 4395 1089 4464 recepit
1106 4393 1171 4450 Leo.

194 4481 222 4548 8)
240 4479 281 4535 Gi.
300 4497 365 4551 psg.
387 4484 429 4536 1³.
622 4485 652 4553 4)
670 4483 805 4540 Similiter
824 4499 869 4538 res
888 4500 917 4539 se
935 4483 1022 4540 babet
1042 4483 1128 4543 Mero.
1148 4487 1208 4544 431.

192 4570 218 4639 b)
237 4569 279 4625 De
298 4570 352 4626 hac
369 4571 509 4644 particula
527 4570 592 4629 vide
608 4573 678 4629 Brix
696 4573 732 4630 ad
750 4572 827 4629 Trin.
845 4574 909 4629 tut.
