3267 5184
221 304 267 371 De
284 304 451 372 -vocalibus
474 303 636 389 productis
659 303 791 371 Latinas
813 327 904 372 voces
926 306 1177 372 terminantibus,
1247 309 1282 372 17

516 494 553 558 ld
575 494 635 560 fuit
657 494 773 560 naenia
794 493 880 560 ludo.

114 596 178 660 Sed
207 602 429 680 praeterquam
460 597 546 679 quod
575 599 643 662 eius
666 599 790 682 generis
812 619 919 662 versus
941 599 1026 681 apud
1049 599 1196 664 Plautum
1219 621 1282 664 non

110 701 259 778 occurrit,
283 699 383 764 altera
406 700 490 766 hunc
513 721 635 766 versum
659 699 840 764 dimetiendi
862 707 967 765 exstat
988 706 1084 766 ratio:

518 803 555 867 ld
578 803 638 867 luit
658 803 774 868 nacula
796 804 880 882 ludo,

108 907 131 968 i.
153 927 178 970 e.
200 905 343 971 clausula
370 907 573 990 anapaestica
596 907 854 989 (paroemiacus);
885 909 1012 985 eadem,
1045 928 1128 988 quae
1158 909 1190 972 in
1222 909 1285 972 fine

109 1030 255 1074 versuum
280 1013 466 1074 ereticorum
491 1012 648 1074 invenitur
670 1009 750 1073 Ru'd.
773 1011 839 1074 216
853 1032 892 1078 ar

370 1113 422 1178 Me
445 1115 530 1179 minc
552 1115 697 1178 miseram
722 1116 789 1177 e'sse
811 1115 857 1177 ita
880 1116 927 1177 uti
949 1135 1028 1178 sum.

197 1217 265 1282 Iam
292 1239 373 1281 unus
400 1224 542 1299 superest
569 1237 676 1281 versus
704 1216 772 1280 Cas.
797 1218 858 1280 743
885 1217 973 1298 isque
997 1214 1110 1281 dubiae
1136 1223 1284 1295 naturae3

109 1321 176 1400 qui,
200 1327 234 1384 ut
257 1321 451 1404 supradixi,
475 1320 567 1402 vulgo
591 1319 721 1402 legitur:

358 1492 360 1500 ,
469 1422 555 1488 Cena
577 1423 671 1487 modo
695 1425 722 1486 si
745 1423 909 1499 succinta,

108 1527 130 1589 i.
155 1547 180 1589 e.
204 1527 428 1608 paroemiacus.
474 1529 578 1606 Atque
608 1526 668 1588 hoc
697 1533 732 1588 ut
761 1527 970 1607 accipiamus,
997 1524 1129 1588 suadere
1158 1525 1285 1590 videtur

109 1649 228 1704 versus,
253 1630 308 1710 qui
330 1629 497 1699 antecedit,
522 1629 606 1694 idem
627 1629 865 1712 paroemiaous:

355 1731 435 1810 Quid
458 1734 565 1795 nunc?
588 1752 685 1812 quam
707 1732 781 1795 mdx
803 1731 925 1795 recreas
948 1752 1013 1806 me3

110 1835 322 1911 dissuadetur,
352 1835 436 1917 quod
464 1837 497 1898 in
520 1834 727 1899 Ambrosiano
758 1855 865 1898 versus
889 1833 951 1897 743
978 1853 1049 1897 non
1072 1833 1201 1898 eodem
1224 1825 1297 1898 or-¹

109 1939 197 2002 dine
220 1939 287 2003 sub
310 1962 335 2002 v.
354 1939 415 2002 742
438 1939 607 2020 scriptus
632 1939 737 2022 estl),
761 1937 793 2000 id
814 1937 898 2018 quod
922 1957 960 2000 ea
982 1937 1021 2001 de
1044 1958 1140 2002 causa
1163 1938 1283 2002 factum

108 2042 235 2106 videtur
264 2063 345 2120 esse,
386 2063 449 2123 quo
482 2040 605 2105 facilius
639 2041 736 2105 alium
765 2061 890 2104 versum
921 2047 1018 2121 atque
1046 2041 1284 2104 antecedentem

109 2165 177 2209 csse
200 2152 362 2228 appareat.
407 2145 516 2226 Neque
539 2145 712 2224 quidquam
734 2143 876 2226 impedit,
909 2144 1138 2224 quominus-
1161 2146 1284 2208 utiam

109 2249 173 2312 Leo
195 2269 389 2331 quamquam
412 2248 560 2312 dubitans
587 2251 765 2329 suspicatur
788 2286 830 2293 —
852 2268 923 2310 eum
949 2247 1193 2328 interpretemur
1215 2269 1283 2311 esse

110 2353 279 2429 iambicum
309 2353 475 2416 dimetrum
499 2351 593 2415 catal.
624 2362 699 2415 cond
727 2351 818 2414 modo
847 2352 877 2415 si
902 2352 943 2413 cit
971 2352 1070 2433 edcta,
1099 2352 1304 2432 praesertim.

111 2476 182 2518 eum
205 2455 300 2538 paulo
322 2464 396 2519 ante
418 2454 498 2519 alter
521 2455 696 2537 reperiatur
718 2455 851 2518 dimeter
873 2454 1025 2517 iambicus
1048 2454 1174 2537 (acat.):

239 2582 266 2623 v.
288 2559 364 2622 732:
388 2557 490 2624 Mane.
506 2565 519 2635 ΙΙ
535 2557 616 2634 Quid
640 2559 709 2621 est?
754 2558 830 2635 Quis
850 2557 901 2620 hic
924 2555 973 2619 est
994 2556 1109 2620 homd?
1124 2561 1155 2637 ¹).

196 2663 435 2727 Demonstrasse
452 2662 530 2725 mihi
552 2661 659 2725 videor
679 2661 807 2725 illorum
831 2663 927 2724 trium
950 2667 982 2723 et
1004 2661 1115 2742 viginti
1138 2681 1282 2724 versuum

110 2765 344 2841 Plautinorum,
377 2767 408 2828 in
442 2765 557 2846 quibus
591 2765 803 2827 nominativus
836 2783 881 2844 sg.
912 2764 1034 2845 primae
1061 2762 1282 2828 declinationis

109 2870 225 2933 cadere
248 2868 371 2933 videtur
394 2871 425 2930 in
449 2889 469 2930 o
491 2867 692 2949 productam,
721 2868 839 2948 partim
861 2865 1029 2929 admittere
1051 2864 1206 2948 syllabam
1228 2887 1283 2929 au·

109 2972 251 3054 cipitem,
284 2971 489 3053 pertimesce
516 2975 698 3051 corruptoS,
738 2969 856 3051 partim
889 2970 922 3030 in
956 2973 1127 3031 metrorum
1159 2969 1282 3032 ratione

109 3074 225 3138 dubiae
249 3080 393 3149 naturae,
418 3080 454 3136 ut
475 3071 620 3136 omnibus
643 3073 688 3134 vis
712 3069 893 3152 deroganda
916 3071 958 3134 sit
980 3076 1077 3151 atque
1098 3072 1282 3135 auctoritas.

109 3177 219 3258 Longo
250 3176 434 3240 incertiores
463 3182 586 3249 auum,
618 3195 714 3256 quam
747 3173 786 3238 de
821 3173 937 3254 quibus
967 3194 1065 3256 supra
1095 3173 1190 3264 rerba
1222 3173 1282 3237 feci

110 3267 273 3354 versibus,¹
295 3285 370 3341 suut
392 3279 435 3352 ei,
465 3279 520 3358 qui
541 3276 732 3341 adhibentur
754 3298 792 3340 ex
814 3279 915 3358 poetis
937 3284 969 3339 et
989 3276 1246 3358 inscriptionibus
1258 3281 1283 3356 ⁸)

108 3382 249 3446 eiusdem
272 3381 345 3456 fere,
370 3401 433 3462 qua
454 3380 516 3444 fuit
530 3380 670 3455 Plautus,
695 3383 816 3442 aetatis.
854 3379 941 3454 Quae
959 3379 1105 3462 exempla
1118 3378 1161 3442 ad
1184 3401 1281 3443 unum

109 3486 215 3547 omnia
231 3486 338 3548 reiecit
353 3482 559 3547 Stadelmann
573 3487 599 3563 ⁴)
622 3482 723 3546 solum
740 3483 890 3546 omittens
905 3501 1029 3545 versum
1044 3479 1164 3555 Naevii,
1187 3501 1282 3562 quem

109 3585 279 3650 iambicum
303 3586 461 3650 senarium
485 3605 553 3649 esse
583 3584 747 3648 contendit
770 3583 905 3647 Corssen
929 3584 1130 3665 Aussprache
1151 3583 1182 3646 II
1204 3585 1281 3647 450:

266 3774 267 3778 ,
312 3705 416 3788 Atque
438 3708 525 3789 prius
548 3706 652 3788 pariet
674 3704 796 3767 locusta
817 3703 935 3768 Lucam
959 3704 1078 3766 bovem.

200 3901 224 3967 l)
243 3897 314 3951 Vide
342 3897 495 3966 apograph.
521 3897 662 3962 Ambroc,
691 3895 734 3949 ed.
760 3894 943 3960 Studemund,
970 3883 998 3947 et
1022 3893 1093 3961 Leo,
1122 3894 1174 3947 Die
1192 3894 1280 3962 plaut.

133 3992 190 4041 ant.
268 3989 337 4040 .48.

110 3989 130 4042 ⁰
199 4005 289 4144 giudic
308 4075 525 4130 Goetz·Schoell.
563 4074 664 4128 Nescio
691 4089 745 4140 qua
771 4071 806 4124 de
832 4089 914 4124 cauea
932 4069 989 4126 Leo
1013 4071 1042 4124 iu
1062 4069 1184 4123 editione
1202 4074 1282 4144 notet

111 4163 287 4322 tr00h23³⁰gx
301 4251 459 4320 Scipionum
479 4250 634 4304 afferuntur
656 4249 767 4318 elogiis:
781 4249 878 4316 sormi
896 4247 939 4315 (Ε.
954 4246 1115 4312 Schneider,
1134 4246 1279 4314 Exempla,

110 4346 144 4398 88
156 4349 181 4410 β,
201 4343 235 4411 3),
262 4343 341 4403 famu
366 4339 530 4408 (Schneider
549 4341 591 4402 90,
612 4338 647 4405 3),
677 4336 732 4389 vita
750 4336 915 4401 (Schneider
933 4338 977 4402 91,
995 4337 1040 4403 4),
1068 4352 1139 4403 quae
1163 4335 1279 4407 formae,

111 4450 172 4486 curn
192 4448 277 4499 usque
306 4430 341 4482 ad
370 4429 399 4482 id
426 4429 561 4498 temporis
590 4427 778 4482 saturatorum
806 4426 880 4478 ratio
906 4428 1059 4477 metrorum
1083 4440 1140 4500 non
1164 4425 1201 4479 sit
1218 4439 1279 4491 per·

111 4520 213 4592 specta,
233 4520 302 4573 nihil
321 4517 422 4572 valent.
553 4519 581 4586 4)
601 4517 631 4570 L.
651 4535 674 4570 c.
693 4534 757 4584 pag.
777 4517 800 4568 7.
820 4516 844 4566 8.
896 4563 898 4566 a

159 4626 257 4676 Beitrtffe
269 4637 288 4666 ι.
303 4623 373 4664 kunde
386 4623 407 4664 d.
421 4622 481 4673 inug.
496 4623 604 4672 spraohon.
632 4620 716 4664 XXVII.
