3267 5184
331 318 372 382 20
754 316 910 401 Georgius
931 314 1088 401 Wedding

331 509 415 574 unde
437 506 588 585 efficitur,
617 512 653 570 ut
681 507 890 572 nominativos
917 505 1024 586 Sosio,
1043 515 1153 591 poeto,
1183 511 1281 570 nauto
1313 504 1504 589 respondere

332 631 460 675 neeesse
485 613 526 674 sit
549 610 742 674 nominativo
765 611 887 693 primae
908 608 1127 676 declinationis
1149 609 1292 686 Latinae,
1320 611 1411 674 cuius
1433 609 1504 673 ulti-

332 735 415 777 mam
438 713 535 777 etlam
557 713 590 775 in
605 712 785 777 nominibus
800 711 943 777 feminini
965 714 1087 795 generis
1109 712 1195 794 apud
1209 711 1358 777 Plautum
1380 711 1504 776 brevem

332 835 399 880 osse
415 835 512 898 supra
531 815 814 878 demonstravimus
834 817 876 899 ¹):
899 835 974 897 ergo
996 814 1063 880 fieri
1086 835 1149 880 non
1171 815 1286 898 potuit,
1309 820 1345 878 ut
1364 815 1506 879 nomina·

331 921 414 984 tivus
438 918 529 983 Sosia
551 920 732 982 mitteretur
754 937 775 982 a
797 916 912 982 Plauto
938 917 971 981 in
995 915 1153 1002 syllabam
1174 917 1372 999 productam.
1417 917 1507 994 Quae

331 1022 484 1086 sententia
513 1021 637 1085 duabus
668 1020 838 1084 adiuvatur
869 1021 987 1086 causis:
1017 1021 1155 1104 primum
1178 1019 1290 1102 Amph.
1314 1020 1377 1084 439
1406 1041 1507 1084 unus

330 1133 379 1189 est
400 1145 507 1189 versus
523 1129 562 1206 ²),
586 1126 704 1207 inquo
731 1124 944 1188 nominativus
971 1122 1107 1187 nominis
1129 1123 1244 1188 Graeci
1273 1124 1305 1186 in
1336 1146 1390 1199 ·ας
1410 1124 1507 1206 longa

329 1228 520 1293 terminatur
541 1225 677 1309 syllaba,
706 1224 818 1288 deinde
848 1248 910 1289 non
940 1224 1069 1290 difficile
1098 1232 1148 1290 est
1169 1225 1406 1309 transponendo
1428 1225 1508 1290 huic

330 1332 400 1396 loco
422 1330 558 1394 mederi:

460 1431 521 1497 Vbi
543 1452 600 1514 ego
623 1430 721 1495 nolim
744 1430 835 1496 Sosia
857 1430 934 1507 esse,
954 1434 991 1496 tvi
1013 1437 1081 1495 esto
1103 1433 1180 1496 sane
1202 1431 1341 1511 socier),

330 1537 364 1599 id
387 1535 472 1617 quod
502 1555 539 1599 eo
566 1533 667 1616 magis
696 1532 951 1610 commendatur,
980 1535 1056 1615 quia
1083 1534 1297 1598 nominativus
1324 1533 1413 1599 Soaa
1436 1555 1507 1598 cre-

330 1639 464 1702 berrime
486 1637 731 1719 deprehenditur
746 1643 822 1700 ante
836 1634 975 1700 vocalem
990 1635 1026 1722 4).
1063 1635 1134 1700 Huc
1157 1637 1290 1713 accedit,
1314 1637 1400 1719 quod
1418 1637 1506 1718 apud

329 1741 511 1806 Terentium
534 1739 596 1804 illis
626 1737 752 1803 duobus
774 1737 866 1814 locis,
899 1739 931 1802 in
959 1738 1075 1820 quibus
1102 1739 1312 1804 nominativus
1340 1740 1506 1804 nominum

331 1843 470 1909 eiusdem
493 1843 615 1925 generis
638 1863 676 1907 ac
701 1841 791 1904 Sosio
814 1861 878 1904 nou
901 1847 977 1905 ante
997 1843 1137 1905 vocalem
1154 1848 1209 1906 aut
1231 1843 1263 1906 in
1286 1843 1372 1906 exitu
1394 1861 1506 1906 versus

330 1953 385 2011 aut-
407 1950 437 2010 in
460 1946 597 2010 diaeresi
618 1944 747 2008 iambici
769 1943 942 2026 septenarii
963 1943 1013 2007 vel
1036 1945 1190 2008 octonarii
1213 1947 1386 2028 reperitur,
1417 1944 1504 2009 duae

331 2071 402 2113 eum
424 2056 602 2131 sequuntur
625 2046 766 2130 syllabae
788 2045 944 2129 (breves):

331 2152 409 2216 Eun.
426 2151 501 2215 707:
526 2151 583 2213 Dic
607 2150 681 2213 dum
703 2149 765 2213 hoc
785 2150 922 2225 rursum,
946 2149 1091 2214 Chaerea
1112 2155 1200 2213 tham
1223 2149 1341 2214 vestem
1363 2149 1507 2215 detraxit

1416 2252 1505 2316 tibi?
1623 2274 1624 2333 j

330 2356 455 2420 Phorm.
479 2356 554 2419 484:
583 2353 742 2418 Phaedria
770 2353 828 2418 nbi
859 2354 960 2420 adest.
982 2353 1169 2432 lVbinam?
1188 2363 1202 2432 11
1224 2355 1340 2419 Eccum
1373 2355 1415 2419 ab
1443 2356 1506 2418 suia

1134 2459 1295 2540 palaestra
1318 2456 1504 2533 extuleras,

330 2582 413 2642 quae
435 2581 495 2639 rea,
518 2560 576 2623 nisi
600 2557 703 2637 fallor,
727 2579 783 2622 nos
806 2559 945 2624 dimetiri
967 2559 1070 2624 iubet:
1101 2559 1245 2625 Chaerea
1266 2567 1370 2635 tuam3
1401 2558 1504 2623 Phae-

1225 2661 1296 2728 dria
1317 2661 1375 2726 tibi
1398 2659 1504 2727 adest.

773 2847 805 2916 b.
837 2847 1049 2916 Vocativus.

416 2987 545 3070 Optima
566 2987 750 3052 Latinitatis
779 2993 886 3051 aetate
913 2995 1023 3070 poetas
1046 2989 1132 3052 hunc
1154 3009 1261 3052 casum
1284 2987 1404 3070 duplici
1427 2985 1504 3050 offe-

330 3093 410 3156 cisse
432 3093 540 3156 modo:
563 3092 651 3155 etin
674 3101 710 3152 -o
732 3091 818 3154 etin
843 3103 989 3154 -onemo
1011 3093 1152 3173 ignorat:
1412 3183 1416 3188 '

330 3196 418 3259 Ovid.
442 3195 517 3259 Met.
540 3194 576 3258 V.
600 3195 680 3258 242:
709 3192 752 3257 Te
775 3201 898 3269 tamen,
927 3216 1085 3278 oparvae
1107 3202 1220 3270 rector,
1242 3193 1422 3276 Polydecte,
1446 3193 1504 3257 Se-

1064 3340 1066 3343 -
1407 3297 1435 3361 ri
1458 3296 1502 3362 hi.

331 3400 442 3465 Horat
464 3407 524 3464 sat.
548 3399 586 3462 ll.
611 3402 640 3476 3,
667 3400 741 3464 187:
774 3399 821 3463 Ne
849 3401 922 3481 quis
949 3400 1097 3465 humasse
1120 3399 1195 3464 velit
1217 3398 1356 3475 Aiacem,
1381 3318 1502 3476 Atrlda,

1313 3508 1402 3568 vetas
1424 3503 1503 3566 cur?

419 3663 443 3728 l)
462 3661 589 3715 Ceterum
617 3661 729 3714 nomina
755 3661 900 3714 masculini
924 3662 1034 3730 generis
1059 3660 1213 3714 secundum
1237 3659 1355 3728 primurn
1380 3659 1503 3712 declina·

329 3751 435 3804 tionem
454 3750 530 3804 velut
548 3749 671 3820 apricold,
691 3747 784 3820 scribet,
803 3748 925 3819 hyemps
948 3751 977 3802 in
1002 3750 1098 3818 lingua
1116 3749 1217 3801 Latina
1240 3765 1384 3816 nunquam
1407 3765 1502 3801 casum
1539 3805 1542 3810 ,

330 3843 437 3894 rectum
457 3839 563 3892 misisse
581 3837 712 3892 videntur
731 3839 759 3891 in
778 3856 795 3890 a
814 3839 991 3905 productam.

417 3927 444 3992 2)
461 3927 588 3980 Incertus
607 3931 650 3980 est
667 3942 761 3981 versus
782 3925 866 3981 Ennii
885 3926 958 3981 Anu.
978 3929 1011 3980 19
1030 3924 1072 3994 (L.
1093 3924 1156 3990 M.):

478 4013 577 4068 Doctu’
598 4031 699 4083 parens
719 4014 851 4082 Anchisa,
871 4015 964 4069 Venus
983 4030 1067 4082 quem
1084 4013 1203 4081 pulchra
1221 4011 1345 4081 dearum,

331 4121 411 4172 quern
430 4119 538 4158 vorsum
558 4104 656 4157 scribit
674 4103 797 4158 Vahlen:

497 4191 659 4260 Doctusque
677 4191 808 4256 Anchisa,
829 4189 916 4244 Veuu’
936 4207 1019 4257 quem
1039 4189 1228 4259 pulcherrima
1246 4188 1331 4242 dium.

417 4283 444 4347 3)
466 4279 584 4334 Mueller
603 4297 666 4349 pag.
687 4283 721 4346 9;
749 4279 867 4334 Nachtr.
886 4295 950 4347 pag.
969 4281 994 4332 2.

416 4372 445 4436 4)
463 4369 656 4425 Nominativus
677 4367 756 4421 Sosia
780 4369 855 4437 apud
873 4368 1003 4422 Plautum
1027 4366 1188 4420 undevicies
1210 4367 1348 4432 occurrit,
1371 4363 1420 4418 sed
1441 4381 1499 4434 vep-

329 4458 382 4512 ties
396 4459 434 4511 ·iu
461 4458 517 4510 fine
542 4473 648 4512 remus:
688 4456 790 4523 Amph.
812 4458 870 4510 148.
896 4458 956 4510 338.
977 4458 1038 4510 398.
1056 4457 1119 4508 400.
1135 4457 1196 4510 409.
1215 4456 1275 4508 955.
1296 4455 1378 4520 loom
1406 4454 1498 4508 novies

326 4552 393 4601 ante
413 4547 552 4616 vocalem:
572 4546 687 4614 Amph:
710 4547 771 4599 387.
792 4547 853 4600 394.
872 4548 931 4599 411.
951 4549 1012 4599 427.
1031 4546 1092 4600 598.
1110 4546 1171 4598 609.
1191 4546 1250 4599 615.
1270 4545 1330 4598 918.
1349 4544 1409 4597 619.
