3267 5184
338 317 380 382 30
745 316 900 402 Georgius
923 315 1080 402 Wedding

424 505 492 570 Iam
514 505 655 590 singulos
671 506 898 591 perlustramus
920 528 1038 573 versus.
1070 507 1106 571 ln
1129 508 1234 592 primo
1256 507 1384 589 quidem
1398 506 1519 591 Amph.

336 610 398 675 217
423 616 535 674 eontra
557 611 675 675 desinit
694 611 727 674 in
750 631 771 672 o
793 611 1000 694 productam:

391 711 544 779 Prodeoit
565 713 688 779 emnem
710 713 895 778 exercitum.
940 713 1061 780 Contra
1082 714 1239 780 Teleboae
1261 736 1300 778 ex
1322 713 1449 799 eppido.

338 813 387 879 Ex
413 818 572 882 contrario
601 817 740 882 dubitari
767 818 896 899 nequit,
928 818 1006 900 quin
1035 819 1146 884 eadem
1176 815 1302 903 syllaba
1335 817 1438 882 brevis
1472 819 1521 881 sit

337 918 450 985 Pseud.
475 920 550 984 156:
1420 942 1422 949 ·

425 1023 578 1090 Adsistite
593 1023 701 1088 emnes
718 1025 830 1090 centre
844 1046 895 1090 me
912 1025 945 1091 et
959 1047 1041 1109 quae
1055 1026 1169 1110 lequar
1183 1027 1340 1092 advertite
1361 1027 1519 1104 animum,

339 1147 402 1209 qno
424 1127 456 1190 in
480 1147 571 1192 versu
595 1125 732 1211 syllaba,
764 1127 802 1192 de
824 1149 889 1211 qna
911 1128 1060 1205 dicimus,
1090 1131 1237 1195 ultimam
1259 1139 1335 1196 ante
1356 1131 1520 1196 diaeresin

337 1229 465 1294 iambici
498 1231 670 1313 septenarii
702 1229 800 1296 efficit
829 1231 942 1297 thesin.
1003 1233 1064 1297 Sed
1094 1236 1128 1298 in
1158 1234 1299 1299 versibus
1329 1234 1412 1299 Rud.
1442 1234 1519 1298 242.

338 1333 432 1400 Truc.
459 1333 526 1398 124.
570 1332 665 1400 Naev.
693 1336 839 1418 praete
871 1332 980 1400 utrum
1003 1343 1113 1400 contro
1140 1337 1173 1400 in
1207 1336 1333 1402 brevem
1364 1337 1521 1401 mittatur

338 1437 494 1522 syllabam
523 1457 563 1501 an
592 1438 624 1500 in
653 1437 858 1521 productam,
887 1459 950 1502 non
978 1446 1086 1521 potest
1108 1439 1283 1504 diiudicari.
1326 1437 1409 1504 Nam
1431 1439 1517 1503 Rud.

467 1644 590 1710 Accede
612 1644 653 1709 ad
675 1667 725 1710 me
746 1648 846 1729 etque
868 1647 923 1712 adi
945 1648 1066 1713 centra.
1084 1656 1095 1724 ΙΙ
1112 1646 1164 1712 Fit
1185 1646 1307 1720 sedulo,

337 1769 359 1812 c
380 1748 489 1813 littera
510 1749 542 1812 in
559 1769 597 1814 oa
612 1748 685 1814 sede
700 1757 749 1815 est
764 1750 874 1816 cretici
890 1754 1077 1826 tetrametri,
1102 1751 1135 1814 in
1157 1771 1222 1833 qua
1244 1749 1387 1834 syllabae
1409 1749 1518 1814 brevis

337 1849 409 1916 loco
431 1851 603 1917 identidem
626 1853 769 1917 succedit
789 1853 947 1937 producta
969 1853 1074 1920 velut:

382 1957 495 2040 Amph.
518 1956 596 2020 236:
620 1955 734 2020 Hestas
756 1957 860 2021 crebri
882 1958 1011 2036 cadunt,
1034 1958 1135 2023 nestri
1157 1965 1272 2026 contra
1294 1959 1455 2040 ingruont.

383 2059 474 2124 Cure.
500 2060 573 2125 109:
597 2058 679 2137 Sine,
702 2060 835 2124 ductim.
879 2060 942 2126 Sed
964 2061 1024 2126 hac
1047 2061 1137 2138 ebiit,
1159 2060 1220 2126 bac
1242 2060 1427 2144 persequar.

381 2162 461 2227 Rud.
483 2161 561 2226 243:
585 2160 668 2226 (ledo
690 2183 829 2228 manum.
846 2171 857 2238 1)
875 2164 999 2247 Accipe.
1016 2172 1026 2239 ll
1044 2163 1113 2240 Dic,
1137 2163 1278 2228 utrisne?
1300 2162 1441 2239 ebsecro,

339 2267 372 2330 in
395 2264 597 2330 multisaliis
621 2265 770 2330 versibus.

341 2368 377 2433 In
401 2389 492 2434 versu
514 2367 606 2432 Truc.
632 2369 692 2432 124
714 2374 822 2432 autem
844 2368 963 2452 duplex
984 2368 1166 2434 dimetiendi
1188 2375 1295 2433 exstat
1315 2369 1412 2433 ratio:

569 2471 629 2536 Fer
652 2471 763 2536 centra
785 2479 909 2536 menum
932 2471 966 2536 et
986 2472 1107 2556 pariter
1128 2470 1272 2555 gradere,

338 2572 406 2638 vel:

568 2675 628 2741 Fer
649 2677 761 2742 centra
784 2676 913 2742 menum
936 2684 967 2743 et
988 2679 1111 2760 pariter
1131 2676 1276 2762 gradere,

339 2799 403 2861 quo
432 2780 464 2842 in
499 2799 589 2844 versu
619 2781 742 2845 numeri
765 2809 923 2844 ,necor
952 2780 1129 2865 (dactylus,
1159 2781 1369 2865 anapaestus)
1404 2779 1514 2845 eadem

338 2883 461 2948 ratione
482 2887 513 2947 et
534 2884 641 2948 eodem
664 2885 733 2949 iure
757 2885 994 2966 coniunguntur
1017 2904 1080 2966 qno
1102 2883 1168 2948 llil.
1195 2884 1290 2948 1024:

425 2988 489 3069 Age
504 3006 562 3069 age
577 2988 614 3052 rit
629 2987 687 3051 tibi
701 2990 848 3052 maxume
867 2987 1096 3059 cencinnrimst.
1115 2996 1125 3063 ΙΙ
1142 2986 1304 3052 Nulldmst
1324 2986 1389 3050 boc
1411 2985 1514 3048 steli-

984 3151 986 3161 ,
1261 3088 1348 3153 dtus
1369 3101 1514 3152 aarum.

340 3192 484 3276 Denique
505 3191 602 3259 Naev.
624 3199 725 3277 praet.
749 3192 769 3255 6
793 3193 854 3276 legi
878 3199 1000 3276 potest:
1149 3260 1151 3265 ,

383 3295 524 3361 Gemiter
547 3295 653 3361 senem
676 3295 853 3379 sapientem
876 3297 987 3360 centra
1010 3295 1193 3361 redhdstis?
1209 3303 1220 3370 ll
1237 3294 1304 3359 Min
1328 3295 1450 3360 salust?

341 3399 405 3466 vel:

383 3501 522 3568 Gemiter
544 3502 651 3567 senem
674 3500 848 3585 sapientem
873 3501 985 3566 centra
1007 3501 1189 3566 redhostis?
1206 3510 1217 3577 [Ι
1236 3501 1301 3564 Min
1324 3500 1448 3565 salust?

339 3614 377 3672 ut
400 3629 421 3670 a
442 3607 549 3671 littera
570 3607 613 3670 sit
634 3608 666 3670 in
688 3605 779 3682 thesi,
803 3626 886 3687 quae
907 3603 1089 3670 indifferens
1111 3612 1160 3669 est
1181 3603 1331 3688 rhythmo
1348 3606 1383 3686 ¹).

425 3708 548 3773 Dubiae
569 3713 703 3774 naturae
725 3714 773 3772 est
794 3728 905 3772 versus
928 3707 1036 3771 Ennii:

468 3813 545 3891 Quis
567 3817 659 3895 pater
681 3818 738 3877 aut
758 3818 913 3895 cognatus
936 3811 1022 3876 volet
1045 3831 1103 3876 nos
1125 3815 1237 3875 contra
1258 3811 1348 3887 tueri,

339 3938 432 4000 quem
462 3935 509 3980 ex*
525 3913 698 3978 Annalibus
731 3921 894 3998 sumptum
917 3921 949 3980 et
970 3915 1191 3980 hexametrum
1222 3933 1290 3978 esse
1317 3912 1514 3978 contendunt

339 4021 395 4085 alii
410 4023 446 4104 ²),
469 4017 522 4082 alii
545 4039 583 4082 ex
605 4017 715 4082 fabula
736 4018 885 4100 quadam,
907 4018 993 4082 velut
1014 4017 1153 4092 Vahlen,
1183 4016 1238 4082 sed
1267 4017 1323 4098 qui
1344 4037 1401 4080 nos
1423 4018 1514 4099 ponit

340 4129 413 4208 post
433 4123 512 4207 quis,
535 4121 614 4186 haec
633 4122 729 4186 verba
745 4123 923 4205 suspicatus
945 4142 1012 4186 esse
1033 4120 1185 4202 reliquias
1208 4119 1344 4184 duorum
1365 4141 1512 4185 uersuum

333 4224 549 4308 ‚amnicorum
572 4225 767 4290 senariorum
779 4231 823 4310 ³):

1271 4330 1513 4338 .-—--—-——

429 4363 458 4431 1)
477 4362 515 4418 Ut
528 4367 620 4416 contra
631 4361 765 4417 rddboats‘a
777 4364 911 4433 legamus,
931 4362 1072 4431 suadetur,
1092 4379 1127 4416 ne
1140 4362 1248 4430 syllaba
1260 4361 1350 4415 finalis
1364 4363 1514 4417 interrum-

342 4457 393 4523 pat
412 4453 533 4506 solutam
552 4451 654 4506 thesin.
820 4455 847 4519 2)
866 4453 967 4522 Bergk,
988 4451 1124 4506 Ribbeck.

429 4542 458 4614 3)
477 4539 594 4609 Vahlen,
613 4541 696 4594 Ennii
715 4546 786 4609 trag.
808 4543 857 4594 rel.
878 4543 938 4594 443.
957 4544 1017 4594 444.
