3267 5184
182 305 202 339 ⁷
220 334 264 400 De
285 333 447 402 vocalibus
470 335 632 420 productis
653 333 788 402 Latinas
810 358 902 402 voces
923 333 1173 402 terminantibus.
1246 339 1285 402 19

110 701 142 762 2.
189 697 409 764 Nominutc'sas
437 706 465 763 et
491 701 648 764 vocativus
673 700 836 766 caminam
857 701 1068 785 propriorum
1092 699 1286 764 &cecorum

556 804 834 889 mmmm&
1115 798 1118 802 “

529 1012 557 1055 a.
587 990 867 1058 Nominativus.

197 1108 361 1186 Quaestio,
393 1131 489 1192 quam
517 1108 722 1176 Stadelmaun
746 1111 767 1176 l.
789 1133 816 1176 c.
839 1133 910 1195 pag.
936 1111 975 1175 18
1006 1110 1046 1176 de
1076 1109 1126 1174 his
1147 1110 1287 1175 instituit

110 1210 301 1290 nominibus,
329 1232 443 1295 parurn
471 1219 519 1277 est
545 1212 635 1291 felix,
666 1214 752 1297 quod
781 1213 875 1279 simul
903 1215 943 1278 de
970 1213 1165 1281 nominative
1191 1213 1287 1277 verba

110 1313 190 1378 fecit
211 1320 242 1378 et
263 1315 421 1390 vocativ03
442 1335 505 1396 quc
528 1315 647 1381 factum
670 1325 728 1393 est,
752 1325 788 1381 ιιι
810 1317 917 1381 omnia
940 1317 1102 1381 miscuerit
1123 1321 1155 1380 et
1176 1315 1286 1380 turba·

110 1416 202 1494 verit,
224 1416 355 1499 planum
379 1417 490 1484 fecerit
511 1417 600 1483 nihil.

199 1518 291 1596 Quod
313 1519 354 1585 ad
377 1521 613 1586 nominativi
636 1522 772 1603 pertinet
794 1520 949 1606 syllabam
970 1520 1130 1598 ultimam,
1159 1521 1287 1604 quasit

110 1627 238 1700 natura,
261 1643 326 1686 nen
348 1622 441 1686 facile
464 1628 511 1688 est
534 1623 716 1700 decernere,
749 1644 820 1688 cum
842 1623 1025 1706 saepissime
1047 1624 1176 1689 nemina
1197 1643 1287 1706 repe·

110 1724 236 1788 riantur
259 1731 316 1789 aut
342 1725 375 1788 in
406 1725 492 1789 exitu
524 1745 631 1790 versus
654 1734 712 1792 aut
733 1733 809 1790 ante
832 1725 988 1801 vocalem,
1021 1733 1057 1790 ιιι
1078 1732 1209 1810 propter
1230 1725 1288 1791 eli·

111 1827 232 1893 sionem
254 1834 372 1893 natura
393 1826 536 1911 syllabae
556 1825 660 1892 finalis
683 1828 820 1911 perspici
842 1848 906 1893 nen
928 1827 1036 1910 pessit

200 1931 345 2013 Apparet
366 1937 474 1995 tamen
497 1928 646 1995 Plautum
668 1929 716 1995 his
740 1931 921 1995 nominibus
948 1931 1085 2013 propriis
1105 1951 1196 1995 usum
1219 1950 1287 1994 esse

111 2031 221 2096 littera
241 2030 330 2097 finali
358 2053 379 2095 σ
401 2031 531 2096 deiecta.
576 2030 691 2097 Versus
713 2031 853 2098 Plautini
884 2040 1005 2110 autem,
1036 2054 1172 2116 quorum
1201 2035 1285 2098 ratio

111 2133 261 2200 habenda
282 2143 341 2212 est,
363 2141 438 2199 suut
459 2141 536 2200 tres:

111 2236 228 2320 Amph.
242 2237 320 2303 438:
343 2237 421 2314 Quis
435 2257 493 2320 ego
506 2239 576 2302 siim
592 2235 715 2314 saltem,
731 2237 757 2300 si
773 2237 837 2301 ιιόιι
852 2258 922 2302 sum
935 2238 1048 2304 Sdsia?
1066 2242 1097 2300 te
1112 2235 1284 2320 interrogo.

113 2341 192 2404 439:
218 2340 277 2405 Vbi
300 2361 357 2424 ego
380 2340 470 2406 Sdsia
491 2339 586 2406 nolim
611 2337 687 2415 esse,
710 2341 746 2403 ιιι
768 2346 837 2406 estc
857 2343 934 2406 saue
955 2340 1054 2406 Sdsia.

117 2443 213 2506 1024:
237 2443 337 2509 Sesia.
356 2452 366 2521 1
382 2443 442 2520 Ita,
466 2463 534 2506 sum
549 2442 648 2518 Sesia,
671 2443 732 2507 nisi
756 2440 804 2506 me
827 2462 896 2507 esse
918 2443 1053 2509 oblitum
1074 2443 1238 2507 existimas
1252 2442 1287 2528 ¹).

201 2545 323 2622 Quibus
354 2565 395 2609 ex
425 2545 565 2610 versibus
598 2544 677 2609 nihil
709 2544 793 2610 valet
820 2545 933 2629 Amph.
956 2547 1036 2623 438,
1070 2546 1148 2627 quia
1176 2566 1236 2629 pre
1259 2551 1288 2607 te

114 2648 238 2714 licitum
261 2655 309 2714 est
330 2648 466 2714 scribere
488 2648 539 2711 ted
551 2651 593 2730 ³):

156 2751 234 2828 Quis
256 2773 313 2836 ego
336 2753 405 2816 siim
429 2749 553 2827 saltem,
576 2750 602 2815 si
625 2750 686 2814 ndu
710 2771 779 2814 sum
802 2749 916 2816 Sdsla?
937 2748 1020 2833 tabl>
1040 2747 1246 2832 interroget.
1282 2824 1284 2828 ,

111 2854 148 2918 In
171 2873 263 2918 versu
285 2853 367 2918 1024
389 2859 493 2918 autem
518 2852 655 2918 dimetiri
676 2872 859 2935 possumus:

179 2955 279 3021 Sdsia.
296 2957 307 3041 11
323 2955 385 3032 lta,
408 2976 478 3021 sum
501 2953 601 3032 serit,
625 2957 686 3019 ntsi
710 2953 760 3019 md
782 2975 850 3020 esse
872 2953 1005 3019 oblitum
1028 2954 1201 3030 existimas,

113 3079 212 3141 quam
234 3059 417 3123 dimetiendi
446 3059 601 3123 rationem
632 3063 669 3122 ut
690 3057 899 3140 accipiamus,
930 3056 1090 3135 suadetur,
1113 3078 1153 3121 ne
1175 3057 1287 3121 ultima

112 3168 190 3226 ante
212 3161 368 3226 diaeresin
391 3160 489 3226 thesis
512 3159 635 3225 duabus
658 3158 815 3224 efficiatur
838 3158 970 3244 syllabis
988 3163 1020 3240 ὅ).

200 3263 263 3328 Sed
285 3265 311 3328 si
334 3270 514 3347 spectamus
536 3283 660 3327 versum
682 3261 755 3340 439,
777 3261 990 3327 nominativus
1012 3260 1105 3326 Sosia
1126 3261 1222 3346 lunga
1244 3266 1287 3326 vi-

113 3365 209 3430 detur
230 3367 393 3432 terminari
416 3365 548 3450 syllaba.
593 3365 650 3431 Oui
673 3367 728 3443 rei,
757 3365 817 3430 nisi
839 3366 945 3430 omnia
969 3385 1020 3430 me
1042 3364 1176 3442 fallunt,
1209 3366 1288 3430 haec

112 3473 271 3551 repugnat
292 3468 494 3534 deliberatio:
517 3469 647 3532 uomina
667 3467 753 3532 velut
776 3467 868 3532 Sosia
882 3463 1046 3554 (Σωσίας),
1063 3475 1157 3550 pocta
1179 3469 1288 3553 (ποιη-

114 3567 196 3657 τής),
219 3579 319 3637 cauta
342 3568 485 3657 (ναύτης)
508 3593 547 3636 ex
570 3570 678 3652 lingua
700 3569 825 3635 Graeca
846 3572 879 3634 in
901 3569 1050 3637 Latinam
1073 3571 1232 3637 translata
1254 3574 1286 3635 in

112 3673 176 3738 hac
190 3673 392 3740 declinantur
407 3674 580 3741 secuudum
597 3673 742 3756 primam,
759 3692 857 3754 quam
871 3673 1014 3751 dicimus,
1030 3673 1287 3752 declinationem

206 3869 231 3936 l)
251 3885 268 3920 a
288 3869 412 3924 litteram
436 3869 600 3924 nominativi
624 3885 664 3937 ag.
684 3867 857 3922 Graecorum
880 3869 1023 3923 nominum
1046 3870 1224 3937 propriorum
1248 3870 1288 3924 le·

113 3956 214 4011 minini
232 3958 342 4026 generis
361 3958 438 4011 velut
457 3957 571 4026 Scapha,
588 3955 728 4026 Myrrina,
740 3954 903 4008 Philumena
921 3962 974 4010 etc.
994 3957 1089 4011 docuit
1107 3958 1287 4012 Stadelmanu

114 4047 132 4098 l.
151 4063 175 4099 e.
193 4061 256 4114 pag.
276 4047 309 4100 15
327 4062 368 4113 sq.
386 4061 473 4114 usque
500 4060 609 4115 quaque
636 4043 712 4113 apud
736 4043 866 4098 Plautum
896 4049 925 4098 et
949 4045 1110 4100 Terentium
1138 4063 1186 4100 eos
1214 4047 1288 4101 locos

112 4140 221 4198 tenere,
243 4132 396 4202 exquibus
416 4132 450 4186 de
469 4132 628 4201 quantitate
648 4132 718 4186 nihil
738 4131 868 4186 concludi
887 4132 984 4199 possit.

203 4222 231 4289 2)
250 4219 431 4276 Stadelmann
451 4218 534 4275 affert
552 4225 666 4288 praeter
683 4221 733 4275 hos
752 4237 848 4274 versus
865 4218 968 4288 Amph.
987 4221 1054 4274 828:

283 4308 355 4365 Nam
374 4326 456 4378 quom
476 4309 511 4363 de
529 4309 577 4364 illo
596 4308 738 4364 sdbditivo
758 4307 838 4364 Secia
855 4307 983 4362 mirumst
1001 4310 1082 4364 nimis
1095 4311 1126 4378 (t)

204 4398 232 4465 d)
251 4396 378 4465 Mueller,
397 4397 515 4453 Nachtr.
534 4414 599 4468 pag.
618 4401 643 4452 2.

205 4487 232 4553 4)
249 4485 307 4540 hec
325 4486 378 4540 hoc
398 4503 508 4556 quoque
526 4487 588 4542 loco
608 4487 688 4540 Sosia
706 4487 842 4542 creticum
860 4501 920 4539 esse
938 4485 1093 4540 ceumndit.

207 4578 233 4644 5)
252 4575 293 4628 Os.
312 4573 404 4642 Klotz,
424 4577 441 4628 l.
461 4595 484 4630 c.
503 4595 568 4647 pag.
590 4579 647 4630 146.
684 4575 814 4643 Skutsch,
835 4574 891 4629 Sat.
911 4573 1005 4628 Viadr.
1024 4590 1089 4644 pag.
1109 4579 1166 4630 141.

1023 4678 1061 4734 2*
