3267 5184
254 301 299 365 De
321 300 482 366 vocalibus
504 300 667 384 productis
689 299 821 366 Latinas
844 322 935 366 voees
957 301 1209 366 terminantibus.
1274 302 1316 368 53

146 488 269 552 venitur
291 487 395 553 velut:
419 475 525 553 cibare*
547 485 603 550 aba
623 487 697 552 eall.
740 486 854 552 Postea
868 494 974 555 autem
990 510 1091 575 usqne
1107 511 1234 575 quaque
1256 490 1317 555 bae

146 591 268 656 formae
289 592 468 675 promiscue
490 592 522 656 in
545 593 561 655 i
580 591 706 674 longam
729 589 942 657 terminantur
963 599 996 657 et
1016 598 1205 677 correptam.

230 712 262 777 Ο.
274 711 310 776 F.
326 710 375 776 W.
387 709 519 776 Mueller
533 711 567 798 ¹),
590 733 682 795 quem
706 713 849 796 sequitur
870 711 1076 778 Stadelmann
1089 718 1124 796 ¹),
1145 714 1180 777 in
1199 712 1316 778 fabulis

143 815 299 880 Plautinis
337 835 493 898 nusquam
523 815 657 880 inveniri
685 815 862 899 exemplum
891 816 1063 895 contendit,
1102 816 1187 900 quod
1215 815 1259 880 ibi
1285 822 1317 880 et

143 918 197 983 rabi
228 919 262 983 in
290 917 416 1004 longam
450 917 563 983 eadere
597 917 751 1004 syllabam
784 917 958 984 confirmet
1015 919 1135 984 Tamen
1172 919 1315 985 nonnulli

143 1041 261 1098 versus,
283 1021 316 1085 in
340 1019 455 1105 quibus
482 1019 563 1086 nihil
586 1027 634 1087 est
656 1019 846 1100 offensionis,
873 1021 887 1085 e'
908 1022 1045 1087 litteram
1068 1021 1223 1106 praebent
1243 1044 1317 1106 pro-

142 1125 288 1190 ductam:
384 1137 388 1157 ¹

146 1226 261 1293 Pseud.
284 1227 362 1293 425:
384 1224 557 1306 Proficisei,
579 1226 629 1293 ibr
650 1248 734 1294 anne
757 1227 875 1312 cippido
898 1228 1084 1312 epsaeptast
1103 1226 1162 1295 via

143 1328 246 1396 Aulul.
273 1329 355 1398 507:
386 1328 448 1396 Sed
477 1329 538 1395 hoe
567 1331 661 1396 etiam
694 1330 873 1415 pulernmst
894 1332 1069 1416 praequam
1092 1332 1151 1398 ubl
1171 1332 1316 1416 sumptus

1192 1440 1315 1519 petunt

141 1533 251 1602 Aulul.
276 1535 352 1602 70οε
375 1535 431 1602 Ibo
453 1538 551 1616 intro,
574 1535 628 1601 ubi
650 1536 689 1604 de
712 1537 814 1621 eapite
837 1536 909 1624 meo
930 1543 1004 1620 sunt
1026 1536 1163 1604 eomitia.

143 1639 237 1724 Capt.
261 1640 340 1706 955:
373 1639 456 1718 Quid
479 1661 529 1705 me
559 1641 687 1724 opdrlet
713 1640 830 1717 faeere,
859 1640 915 1706 ubi
948 1647 985 1707 tu
1016 1641 1092 1707 talis
1122 1642 1170 1707 vir
1200 1627 1315 1705 falsum

1143 1743 1315 1809 adtamen?

140 1844 214 1910 Cae.
229 1845 306 1911 245:
331 1843 420 1910 Vnde
435 1845 473 1922 ia,
495 1843 578 1910 ussi?
606 1843 666 1909 Vb!
681 1842 795 1910 fuisti?
816 1844 883 1910 Vbi
898 1844 1084 1911 lustratu's?
1104 1846 1169 1911 Vbi
1185 1845 1315 1911 bibisti?

141 1947 213 2014 (las.
237 1947 313 2014 875:
341 1947 451 2031 Neque
473 1949 536 2032 qud
559 1948 678 2032 fugiam
701 1969 807 2032 neque
829 1948 886 2014 ubt
908 1948 1025 2015 lateam
1048 1971 1151 2033 neque
1172 1949 1233 2017 hoo
1258 1947 1316 2048 061-

907 2051 1003 2118 deous
1025 2053 1183 2136 quomodo
1206 2051 1315 2120 celem.

140 2155 218 2220 (list.
242 2153 316 2220 735:
340 2153 523 2239 Crepundia
544 2155 617 2220 rina
633 2157 645 2242 l
661 2155 719 2222 Est
740 2156 872 2240 quidam
895 2150 1010 2235 homos
1025 2157 1083 2240 qui
1103 2155 1191 2221 illam
1213 2157 1261 2221 ait
1282 2176 1316 2222 se

1087 2262 1169 2326 seire
1189 2260 1245 2325 ubi
1265 2261 1314 2328 sit.

139 2362 237 2427 Poen.
260 2361 338 2428 702:
360 2362 441 2440 Quid
465 2360 566 2428 mirlta
588 2361 704 2428 verba?
736 2361 876 2441 Faciam,
900 2362 959 2426 ubi
980 2369 1016 2427 tu
1038 2362 1162 2429 laveris.

140 2464 222 2529 llud.
248 2464 345 2530 1347:
367 2463 482 2530 Tecum
505 2465 565 2533 hee
588 2464 705 2531 habeto
727 2466 845 2542 tamen,
867 2465 923 2530 ubl
945 2465 1145 2550 iuraverisb.

229 2567 289 2635 Sed
312 2569 427 2633 mirum
450 2568 527 2634 mihi
550 2568 772 2646 videturesse,
796 2569 882 2652 qnod
906 2590 945 2633 ex
968 2567 1017 2633 his
1038 2590 1149 2636 novem
1174 2557 1315 2635 versibus

140 2673 174 2736 in
200 2677 272 2736 ooto
293 2678 369 2737 aute
390 2671 539 2738 adverbia
561 2671 604 2736 ibi
626 2676 658 2737 et
680 2671 734 2735 ubi
754 2671 1000 2756 deprehenditur
1021 2673 1187 2759 voeabs‘),
1217 2680 1316 2756 atque

141 2776 212 2840 iure
235 2775 426 2857 quaerimus,
456 2796 532 2841 num
555 2775 634 2840 haee
665 2796 714 2839 res
739 2775 820 2840 forte
843 2775 930 2840 faeta
951 2767 1003 2851 sit,
1034 2777 1218 2858 praesertim
1241 2798 1313 2840 oum

70 2919 72 2924 π
139 2879 235 2943 etiam
258 2877 291 2941 in
314 2899 341 2941 v.
365 2877 446 2942 Rnd.
470 2878 550 2944 1347
574 2899 637 2943 non
661 2877 789 2943 difficile
811 2880 853 2943 sit
874 2878 1029 2944 vocabula
1050 2886 1148 2943 tecam
1164 2885 1197 2944 et
1210 2887 1315 2943 tamen

141 2988 367 3064 transponere:

312 3083 432 3149 Tamen
454 3082 515 3150 hee
537 3081 655 3148 habeto
679 3082 783 3148 tecum
808 3083 863 3149 ubi
884 3084 1047 3150 iuraveris.

229 3185 349 3252 Suntne
375 3185 408 3251 hi
438 3206 549 3250 norem
578 3207 686 3252 versus
708 3185 834 3270 legendi
856 3209 928 3252 eum
951 3185 1067 3253 hiatu?
1095 3187 1235 3255 Haecine
1257 3189 1314 3254 ad·

139 3289 248 3356 verbio
269 3311 291 3354 a
305 3289 421 3354 Plauto
445 3311 690 3374 usquequaque
711 3287 843 3356 consilio
866 3290 912 3356 sie
932 3292 1048 3375 posita,
1071 3299 1115 3370 ut,
1139 3314 1222 3375 qnae
1243 3314 1317 3357 vera

145 3415 284 3425 ...ι-..-

229 3466 256 3520 11
273 3466 291 3520 1.
310 3483 334 3520 o.
353 3482 416 3536 pag.
435 3467 478 3520 28.
774 3469 804 3535 9)
824 3467 842 3522 l.
861 3483 885 3522 e.
904 3482 969 3536 pag.
987 3467 1030 3521 69.

229 3555 257 3625 3)
274 3555 380 3610 Dubito
399 3554 435 3610 de
452 3571 533 3610 versu
551 3555 633 3609 Truo.
647 3556 714 3609 698:

435 3642 490 3698 Vbi
508 3644 581 3698 mele
598 3641 721 3712 reeipier
739 3642 802 3696 mea
820 3642 888 3696 mihi
905 3641 1032 3712 peodniq

139 3734 196 3802 qui,
216 3749 278 3786 eum
297 3731 360 3786 finis
378 3731 457 3787 verbi
476 3732 663 3801 interrumpat
683 3731 775 3784 thesin
794 3731 913 3785 alteram
931 3731 1060 3799 solutam,
1086 3746 1144 3785 nou
1163 3734 1241 3784 reete
1260 3734 1315 3783 tra·

138 3821 214 3876 ditus
233 3821 430 3887 videturesse,
450 3825 535 3889 atque
555 3819 740 3875 eonieoerim:

374 3908 429 3964 Vbi
447 3909 521 3962 male
537 3907 617 3978 (ego)
634 3907 758 3977 aeoipiar
774 3907 839 3962 mea
856 3907 925 3962 mihi
943 3907 1070 3977 peeuinin.

228 3999 255 4063 4)
282 3997 375 4052 Etiam
402 3999 431 4052 iu
449 3997 577 4052 omnibus
606 3996 666 4050 fere
695 3996 796 4050 eeteris
815 3996 950 4060 versibus,
978 4011 1096 4065 quorum
1119 3993 1181 4050 aliie
1207 3994 1263 4048 alia
1281 4011 1315 4048 ex

140 4103 223 4141 eausa
249 4102 305 4139 non
330 4086 371 4140 vis
389 4086 462 4140 inest
486 4091 516 4140 et
534 4085 695 4150 auotoritas,
722 4088 788 4138 ante
815 4085 920 4139 formae
947 4083 986 4137 ier
1011 4088 1041 4138 et
1058 4082 1106 4136 ult
1134 4087 1177 4137 eet
1196 4082 1315 4136 vooalie:

139 4174 242 4243 Amph.
265 4176 340 4228 1094.
364 4175 442 4243 Capt.
461 4177 521 4228 606.
540 4175 601 4228 Cas.
620 4175 662 4227 73.
689 4172 767 4227 Cure.
787 4175 849 4227 340.
873 4172 967 4227 Aulul.
986 4176 1047 4228 439.
1072 4171 1175 4227 Baeeb.
1195 4173 1236 4223 17.
1255 4172 1315 4225 431.

140 4266 201 4317 766.
220 4262 286 4317 Gist.
304 4264 364 4315 717.
386 4262 459 4318 lien.
478 4265 539 4318 980.
560 4261 643 4317 Most.
662 4263 724 4316 316.
741 4263 803 4316 327.
822 4263 882 4314 380.
902 4259 976 4314 Pers.
995 4263 1056 4316 630.
1074 4261 1157 4314 Poen.
1176 4261 1238 4313 863.
1254 4261 1316 4312 866.

139 4351 239 4406 Pseud.
260 4352 317 4404 138.
336 4352 395 4404 490.
416 4352 491 4406 1269.
510 4350 583 4405 Rnd.
602 4351 665 4404 930.
686 4351 761 4403 1236.
781 4349 862 4402 Trno.
883 4350 943 4402 360.
962 4351 1024 4403 914.
1051 4377 1084 4388 -
1110 4347 1165 4403 Sed
1184 4347 1220 4401 of.
1238 4347 1316 4401 Asin.

140 4441 192 4494 709
210 4437 321 4510 (odibi).
348 4436 433 4493 Poen.
446 4439 498 4494 718
517 4437 566 4507 (toi
582 4439 652 4509 qnae
667 4428 1095 4504 νοο63ἣο131.717(1ααι160.
1128 4433 1227 4490 Pseud,
1248 4437 1315 4492 1278

139 4528 257 4600 (syllaba
275 4527 394 4598 anceps).
413 4527 495 4584 True.
515 4530 582 4584 506:
605 4528 672 4600 qula
690 4524 737 4582 alt
755 4525 847 4582 natea
862 4544 868 4580 ι
882 4528 949 4596 qula
967 4524 1011 4580 1167
1026 4529 1104 4582 nens
1122 4526 1168 4581 61.
1188 4553 1222 4568 -·
