3267 5184
396 347 439 414 62
488 349 643 433 Georgius
658 346 814 435 Wedding
858 349 905 416 De
928 349 1089 417 vocalibus
1111 346 1276 436 productis
1294 346 1426 420 laune
1442 353 1502 419 etc.

397 560 468 604 rum
495 539 705 624 correptionis
733 546 766 605 et
791 539 879 624 qnod
906 557 1051 607 sermone
1077 537 1263 605 terebantur
1288 532 1464 619 adverbio,¹
1484 540 1574 605 need

397 642 565 728 oportebat
585 642 704 709 formas
725 644 787 709 eoo
806 644 958 711 etmodd.

725 1025 764 1088 V.
808 1025 946 1088 Formae
967 1025 1001 1088 ln
1024 1037 1047 1086 o
1068 1030 1240 1088 exeuntes.

485 1179 663 1247 Deformis
692 1181 726 1246 in
752 1202 774 1246 u
801 1181 989 1264 productum
1018 1180 1233 1247 desinentibus
1260 1179 1347 1246 brevi
1378 1180 1574 1264 praecidam,

399 1284 518 1369 quippe
540 1303 622 1367 quse
643 1283 764 1350 formae
785 1304 844 1350 nec
866 1305 1053 1352 numerosae
1072 1285 1138 1349 sint
1158 1304 1218 1348 nec
1239 1283 1414 1368 praebeant
1436 1282 1575 1349 difficul-

398 1395 490 1465 tates,
514 1409 595 1471 qnos
617 1387 720 1453 denuc
742 1407 868 1454 necesse
888 1396 938 1454 est
960 1409 1073 1454 vocure
1094 1390 1128 1452 in
1150 1388 1379 1470 quaestionem.

483 1491 565 1558 Nam
587 1490 759 1556 formes-in
781 1503 804 1553 u
826 1491 1197 1557 nominativi-accusativi
1218 1509 1263 1576 eg.
1285 1492 1430 1556 neutrius
1451 1494 1577 1574 generis

399 1600 544 1677 quartae,
566 1613 649 1676 quae
664 1593 790 1672 dicitur,
813 1593 1033 1662 declinationis
1052 1593 1140 1660 velut
1159 1605 1258 1658 corus
1280 1614 1315 1660 re
1337 1613 1412 1658 vere
1436 1601 1577 1661 vetustos

400 1715 467 1762 esse
497 1697 796 1763 nominativos-ecc.
830 1697 874 1780 pl.
909 1704 1013 1763 neutr.
1048 1719 1118 1781 gen.
1152 1697 1262 1764 docuit
1290 1697 1338 1762 vir
1372 1697 1577 1762 doctissimus

399 1799 562 1866 lohannes
583 1799 735 1877 Schmidt,
758 1799 809 1864 die
828 1800 1109 1886 plurulbildongen
1129 1799 1185 1864 der
1204 1799 1270 1884 idg.
1287 1806 1410 1876 neutra,
1434 1821 1509 1884 pag.
1526 1801 1578 1866 49.

487 1903 608 1970 Deinde
624 1909 750 1986 praeter
764 1903 903 1970 eiusdem
924 1903 1146 1970 declinationis
1167 1903 1310 1969 dativum
1331 1904 1364 1967 in
1386 1904 1495 1983 ocia,
1519 1913 1579 1983 -ιιῑ,

400 2008 490 2074 onius
511 2007 733 2091 interpretatio
754 2006 852 2072 dubia
873 2014 938 2085 est,
966 2007 1112 2073 omnibns
1142 2006 1337 2091 temporibus
1365 2009 1398 2070 in
1429 2027 1490 2071 usu
1514 2007 1578 2071 fnit

401 2106 580 2176 detonsio
602 2113 682 2190 ψ),
713 2129 808 2192 quem
838 2132 903 2177 non
937 2111 1030 2177 modo
1056 2110 1204 2177 Latinum
1234 2131 1315 2187 esse,
1350 2108 1405 2174 sed
1428 2109 1578 2175 Italicum

401 2201 537 2280 maxime
558 2212 748 2278 Vmbrorum
769 2211 938 2279 confirmat
958 2213 1098 2280 dativus:
1120 2213 1200 2296 triso
1215 2217 1252 2299 θ).

486 2315 651 2381 Ablativus
673 2337 716 2400 sg.
739 2323 846 2382 entem
865 2317 941 2410 clim
956 2317 1050 2382 desiit
1070 2319 1103 2383 in
1124 2317 1193 2398 -sd,
1215 2319 1305 2384 cuius
1327 2316 1450 2382 formae
1470 2336 1578 2381 excur-

401 2419 491 2506 plum
520 2425 677 2484 servatum
709 2425 756 2484 eet
784 2419 816 2484 in
845 2441 869 2484 s.
892 2442 917 2485 c.
950 2420 991 2484 de
1018 2419 1133 2486 Bacch.
1157 2420 1212 2484 13:
1243 2418 1578 2504 praeoperatrice,

402 2529 512 2608 postes
541 2558 581 2572 -··
611 2541 670 2588 nee
703 2523 816 2587 mirum
848 2561 889 2569 —
919 2543 1021 2605 usque
1052 2542 1179 2606 quaque
1209 2526 1242 2588 in
1275 2543 1296 2586 u
1332 2522 1471 2587 mittitur
1500 2541 1579 2605 pro-

403 2625 543 2692 ducum.

487 2729 585 2809 Quem
605 2723 649 2793 'nd
671 2727 799 2794 modurn
824 2728 1081 2812 interpretandae
1111 2729 1177 2793 sint
1199 2730 1321 2795 formae
1342 2729 1400 2794 dis
1421 2734 1581 2820 eteocle,

403 2831 657 2900 utrumlocstivi
680 2832 743 2896 sint
756 2847 876 2910 necne,
899 2831 1030 2898 dubium
1052 2839 1129 2898 est·
1153 2830 1235 2898 Nam
1262 2833 1294 2898 in
1317 2839 1410 2897 netu
1431 2854 1470 2898 ex
1493 2845 1548 2897 -oo
1573 2855 1579 2895 :

403 2937 486 3004 Sscr.
508 2935 608 3001 aliod
629 2935 823 3018 amplissima
851 2935 1042 3018 reperiretur
1066 2936 1164 3019 stirps
1185 2948 1257 3019 -ou,
1286 2957 1383 3018 quam
1412 2936 1444 3001 in
1467 2936 1580 3018 lingua

403 3040 520 3106 Latina
542 3047 699 3104 servatam
722 3057 789 3103 esse
810 3057 904 3121 aegre
926 3037 1122 3104 crediderim.

488 3142 607 3220 Restat,
640 3147 675 3206 ut
705 3140 799 3206 verba
831 3141 946 3207 faciam
974 3142 1014 3206 de
1042 3142 1229 3226 pronomine
1260 3146 1305 3206 tu.
1359 3141 1447 3220 Quae
1476 3141 1582 3208 forma

403 3267 476 3312 cum
498 3243 647 3310 omuibus
674 3242 869 3328 temporibus
898 3244 996 3313 cedet
1021 3246 1055 3309 in
1079 3265 1099 3308 u
1121 3244 1326 3328 productam
1355 3244 1502 3311 ducende
1533 3251 1582 3310 est

403 3371 443 3416 ex
473 3347 540 3431 Idg.
567 3345 640 3429 Ἢ,
674 3347 712 3412 cf.
739 3365 804 3430 ogs.
819 3346 878 3431 <bri
904 3377 937 3400 =
968 3347 1051 3432 angl
1078 3348 1165 3432 thoe,
1198 3346 1273 3412 uhd.
1301 3346 1362 3428 ds,
1394 3345 1491 3430 eltpr.
1518 3353 1581 3427 tou,

404 3451 527 3518 eltslcv.
549 3459 596 3536 ιρις
625 3449 680 3516 sed
707 3449 840 3516 dubium
868 3470 936 3518 esse
964 3451 1088 3533 nequit,
1118 3452 1196 3532 quin
1222 3455 1350 3533 praeter
1369 3448 1437 3533 Idg.
1458 3456 1495 3512 tu
1516 3451 1580 3516 iam

404 3556 500 3622 fuerit
521 3555 624 3621 forma
646 3561 689 3636 tu,
712 3573 808 3636 quarn
831 3555 967 3640 maxime
982 3560 1143 3621 testantur
1165 3573 1212 3638 gr.
1229 3545 1282 3632 cri,
1305 3552 1350 3619 lit.
1366 3553 1410 3633 tie,
1432 3551 1509 3619 ahd.
1524 3553 1585 3637 dm

409 3659 467 3725 do:
494 3658 541 3724 ci.
567 3657 638 3724 doh.
660 3655 814 3735 Schmidt,
845 3655 1126 3742 pluralbildnngcn
1154 3656 1212 3722 der
1239 3654 1302 3740 idg.
1325 3660 1440 3722 neutra
1462 3657 1537 3722 219.

495 3833 580 3904 ltili.
599 3832 761 3900 Schneider,
782 3832 801 3885 l.
822 3850 846 3886 c.
864 3796 926 3900 bob,
946 3835 998 3888 lae
1012 3832 1141 3886 comem.

492 3925 519 3993 2)
536 3923 620 3978 Velut
639 3921 697 3976 Mil.
717 3922 799 3976 1073:

405 4030 478 4100 Quid
493 4029 559 4086 est‘l
577 4029 614 4082 Vt
627 4027 714 4082 ludo?
726 4034 738 4090 ΙΙ
749 4027 865 4096 Nequeo
885 4025 979 4081 hercle
998 4025 1127 4096 equidem
1146 4025 1203 4079 risu
1221 4039 1284 4078 mec
1301 4021 1475 4091 moderari!
1490 4063 1582 4077 .....

405 4137 445 4192 ef.
464 4135 564 4192 Pseud.
582 4137 642 4190 306.
678 4133 751 4189 Rud.
770 4135 831 4188 294.
850 4162 884 4173 -
902 4132 1034 4203 Supinum
1053 4133 1082 4186 in
1102 4141 1129 4184 ιᾱ
1147 4151 1154 4185 :
1174 4130 1254 4195 dero,
1274 4128 1369 4182 audes
1387 4134 1440 4183 etc.
1460 4129 1580 4182 eundem

406 4241 465 4280 esse
483 4222 604 4278 formam
622 4222 691 4277 estis
710 4225 829 4277 constet.

492 4314 520 4382 d)
537 4310 701 4378 Buecheler,
720 4310 861 4376 Vmbricu,
879 4325 945 4379 pag.
965 4310 1024 4363 loe.

496 4401 523 4471 4]
541 4399 643 4454 Forma
660 4399 748 4454 incisa
766 4397 945 4469 mopictrctuc
963 4397 1022 4450 sine
1036 4396 1093 4449 ullo
1107 4395 1284 4450 dubitatione
1302 4409 1383 4447 error
1401 4397 1445 4445 est
1462 4391 1580 4446 febrilis.

758 4661 759 4664 ‘
799 4681 1062 4747 enitescere
1101 4716 1105 4736 .

835 4778 1084 4908 cruri-Qua*
