3267 5184
359 230 401 296 40
744 229 898 314 Georgius
920 229 1080 314 Wedding

360 419 462 496 oertd,
496 419 639 483 nomiuiol
668 424 754 484 ortos
782 417 1064 503 esseaualogia1).
1120 419 1225 502 Atque
1256 417 1413 502 reperitur
1440 415 1533 482 abla-

360 523 442 588 tivus
466 523 530 588 ine
552 521 637 587 hisee
659 521 691 588 in
713 521 854 588 versibus
875 520 1083 606 Plautinis¹):

360 623 474 711 Amph.
497 627 576 690 542:
597 621 761 708 Numquid
782 623 851 690 vis?
867 632 878 701 Ι
894 623 937 689 Vt
960 608 1054 708 quom
1078 623 1180 689 absim
1203 622 1254 687 mie
1276 642 1371 699 ames,
1394 622 1533 688 metuam

1170 725 1204 791 te
1225 725 1357 790 absente
1379 732 1482 792 tamen
1499 727 1533 801 θ).

361 831 474 918 Amph.
491 832 568 898 826:
593 831 781 915 Amphitrud
796 829 888 908 aliis,
903 831 958 912 qui
974 829 1057 894 forte
1074 829 1128 894 ted
1151 829 1226 895 hine
1240 827 1370 894 dbseute
1385 834 1489 893 tamen
1499 833 1533 906 ⁴).

362 935 476 1019 Amph.
498 935 576 1002 860:
610 932 769 1018 Quidquid
799 931 855 1011 ist,
889 934 952 1000 iam
988 954 1027 998 ex
1056 931 1218 1001 Naucrate
1256 935 1393 1017 cognato
1421 933 1450 997 id
1480 934 1534 998 od

1004 1040 1008 1047 '
1080 1026 1082 1033 ’
1282 1039 1430 1120 gnoseim
1452 1057 1534 1102 meo.

361 1142 447 1207 Asin.
469 1141 548 1206 873:
572 1140 629 1206 Ille
650 1153 745 1224 opere
767 1140 847 1206 ioris
870 1138 1018 1206 iaeidudo
1043 1139 1145 1205 lassus
1172 1141 1267 1205 ndetu
1300 1139 1357 1224 <ad
1378 1144 1443 1226 me>
1471 1139 1536 1204 ad·

1404 1242 1535 1326 veuit⁶).

361 1347 477 1414 Bacch.
502 1348 579 1412 628:
601 1346 704 1412 Multa
719 1346 804 1412 mala
827 1347 930 1412 mein
952 1344 1082 1431 pectore
1104 1369 1187 1412 nuuc
1210 1349 1296 1414 teria
1310 1349 1407 1430 atque
1420 1345 1539 1412 acerba

465 1478 467 1483 ·
740 1451 742 1456 ’
1379 1450 1537 1516 eveniunt.

365 1553 435 1618 Cas.
461 1553 536 1618 14οε
560 1553 656 1631 Quasi
678 1553 757 1629 vnde,
780 1554 813 1618 in
836 1551 940 1620 medio
955 1554 1079 1638 penate
1102 1553 1280 1620 versabere.

367 1655 437 1722 Cas.
461 1657 538 1722 318:
562 1655 641 1722 (lum
663 1655 773 1722 eisdem
796 1657 860 1740 qud
881 1664 917 1721 tu
940 1655 1072 1740 semper.
1087 1665 1099 1736 Ι
1117 1655 1197 1722 Cium
1220 1668 1319 1721 uxore
1342 1661 1433 1721 mea?
1497 1694 1499 1696 -

363 1757 447 1824 Pers.
471 1761 526 1824 41:
563 1758 653 1837 Quod
684 1766 720 1825 tu
742 1759 791 1824 me
815 1763 921 1844 rogim
955 1781 1028 1825 uam
1051 1761 1087 1826 tvi
1110 1780 1228 1843 aquam
1260 1759 1430 1843 apdmiee
1450 1780 1539 1824 nune

463 1863 466 1885 ³
631 1859 632 1864 ’
1383 1863 1541 1947 postulas.

364 1964 478 2032 Pseud.
502 1965 577 2030 761:
612 1965 729 2031 Omnes
760 1965 871 2031 ordine
900 1964 959 2031 sub
987 1968 1084 2050 siguis
1106 1967 1220 2032 ddoam
1243 1965 1385 2049 legionis
1408 1968 1539 2045 meas-⁰).

365 2068 414 2134 Ex
436 2069 551 2152 quibus
566 2068 717 2153 exemplis
739 2069 916 2134 certissima
939 2076 1012 2134 sunt
1033 2091 1137 2154 neque
1159 2069 1226 2134 ullo
1249 2069 1343 2134 modo
1365 2067 1538 2134 reicienda:

366 2172 537 2256 Naucrate,
561 2183 663 2258 opere,
679 2178 816 2257 pectore,
837 2184 946 2256 auore,
970 2173 1089 2238 ordine.
1138 2171 1302 2251 Quomodo
1324 2171 1363 2237 de
1385 2171 1435 2236 his
1456 2171 1540 2236 iudi·

366 2275 508 2342 oabimus
529 2276 659 2341 formis?
693 2275 809 2341 Utrum
838 2276 972 2341 formam
996 2277 1028 2341 iu
1052 2277 1112 2354 -ῐά,
1143 2275 1176 2339 -i
1197 2276 1366 2359 pristinam
1389 2296 1457 2340 esse
1478 2297 1538 2359 pu·

365 2379 513 2456 labimus,
538 2400 663 2462 exque
685 2386 796 2463 postea
818 2381 954 2445 evaserit
975 2380 1076 2444 forma
1099 2381 1133 2444 in
1154 2384 1206 2443 -66
1230 2381 1277 2444 Au
1300 2399 1335 2443 re
1351 2399 1426 2445 vera
1448 2378 1538 2444 abla-

364 2483 447 2548 tivus
478 2483 551 2548 olim
593 2482 686 2548 desiit
717 2483 752 2546 in
773 2482 848 2546 -edt
880 2484 928 2547 Au
952 2484 981 2549 ei
1003 2484 1036 2549 in
1063 2484 1117 2547 -ed
1139 2481 1241 2548 effecti
1269 2489 1344 2548 sunt
1365 2482 1538 2567 analogia?

366 2585 512 2662 Minime,
530 2607 600 2651 eum
624 2586 738 2669 stirpes
758 2587 790 2651 iu
807 2593 1031 2652 consonantem
1047 2586 1225 2652 desinentes
1238 2584 1413 2651 ablativum
1438 2606 1540 2668 neque

367 2711 505 2772 unquam
550 2691 582 2753 in
607 2688 660 2753 -66
693 2687 767 2774 (ld)
806 2687 933 2753 efficere
962 2689 1124 2772 potuerint
1145 2709 1247 2771 neque
1266 2700 1268 2704 “
1284 2689 1316 2753 in
1348 2686 1410 2764 -ed,
1434 2691 1474 2765 -ῐς
1511 2694 1541 2750 et

367 2814 438 2858 eum
460 2809 566 2876 :neque
581 2814 620 2858 ex
635 2792 774 2858 ablativo
798 2794 831 2857 in
853 2792 907 2857 -ed
930 2793 1002 2873 (sd)
1025 2813 1129 2876 neque
1151 2813 1190 2856 ex
1212 2791 1268 2857 illo
1291 2792 1325 2855 in
1347 2790 1407 2867 ed,
1432 2794 1464 2853 ze
1487 2813 1538 2856 ex·

367 2898 478 2961 sistere
499 2896 639 2980 potuerit
659 2895 816 2962 ablativus
838 2896 871 2961 in
893 2899 927 2959 ei.
972 2871 1075 2960 Aliam
1098 2894 1194 2978 igitur
1216 2895 1275 2958 bas
1297 2893 1418 2958 formas
1439 2895 1539 2960 iuter-

366 2999 513 3083 pretandi
547 3000 700 3064 rationem
730 3018 858 3065 neeesse
894 3004 944 3064 est
985 2998 1078 3080 inire,
1115 3019 1212 3080 quam
1254 2999 1421 3075 rationem,
1460 3018 1541 3080 quae

366 3124 442 3168 vera
475 3103 524 3179 sit,
562 3103 630 3167 aevi
666 3104 846 3168 vetustioris
891 3122 950 3168 nos
986 3101 1101 3167 docent
1129 3101 1360 3184 inscriptiones.
1422 3100 1461 3167 Iu
1494 3101 1542 3166 his
1593 3130 1595 3133 ·

366 3207 450 3271 enim
480 3205 758 3289 deprehenduntur
791 3207 862 3290 puri
902 3205 995 3270 modo
1023 3205 1159 3270 iormee
1183 3229 1190 3268 :
1211 3210 1312 3268 aetate
1328 3206 1360 3287 ⁷),
1394 3204 1541 3289 benerei)

367 3313 542 3395 tempestate
550 3313 585 3391 ⁹),
623 3310 759 3395 aaran),
796 3315 828 3374 et
863 3316 990 3393 praeter
1038 3308 1096 3374 hos
1123 3332 1131 3372 ε
1168 3307 1326 3388 uiridss),
1349 3311 1542 3373 eouoentio·

367 3413 425 3479 uid
437 3419 485 3496 1⁹),
522 3412 649 3477 mantel
661 3417 712 3497 18).
772 3411 892 3491 Quibus
914 3433 953 3477 ex
983 3412 1095 3476 formis
1138 3411 1213 3476 olim
1250 3409 1423 3476 ablativum
1467 3413 1541 3478 stir-

458 3591 484 3656 1)
503 3587 544 3664 Cf.
571 3587 698 3656 Corssen,
721 3589 890 3658 eumpraehe
908 3589 935 3644 11
952 3591 1018 3656 4623
1047 3585 1396 3644 Buecheler-Windekilde
1420 3603 1488 3658 pag.
1507 3589 1539 3642 96

369 3696 427 3748 sqq.
438 3698 444 3744 ;
456 3677 658 3750 ³iliadelmann,¹
674 3678 691 3732 l.
704 3695 727 3731 e.
746 3695 809 3748 pag.
829 3679 863 3732 37
886 3695 946 3748 sqq.
965 3681 1008 3732 40.
1027 3681 1071 3732 41.

456 3768 484 3833 2)
504 3765 590 3820 Omisi
611 3782 658 3820 eos
677 3756 773 3820 versus
792 3765 901 3832 afferre,
921 3767 950 3820 in
968 3766 1070 3835 quibus
1088 3768 1241 3819 occurrunt
1270 3763 1386 3818 ablativi
1410 3764 1541 3834 stirpium

368 3855 397 3908 in
409 3843 428 3906 vi
445 3855 605 3908 exeuntium
634 3854 710 3908 velut
734 3865 811 3908 eorm
828 3857 920 3923 (earne
937 3856 963 3908 A
975 3854 1006 3923 Ρ)
1025 3852 1106 3923 Gupt.
1125 3852 1192 3920 9143
1211 3855 1291 3922 porta
1309 3851 1342 3920 (0
1353 3851 1387 3919 D,
1410 3857 1494 3923 porte
1511 3851 1542 3919 Β)

369 3943 443 4002 Meo.
459 3945 527 4011 4783
545 3947 615 3996 sorta
627 3943 688 3998 Ces.
700 3945 768 4010 426;
787 3947 871 3996 moro
890 3943 933 4012 (Ε,
953 3960 1020 3998 saer.
1030 3941 1117 4012 mne)
1129 3940 1188 3996 Mil.
1198 3942 1259 4007 707,
1280 3943 1308 3994 et
1326 3940 1449 4003 incertos
1467 3941 1542 3996 velut

368 4032 448 4102 Cept.
466 4033 526 4086 667.
545 4031 646 4086 Pseud.
660 4034 720 4087 616.
740 4030 801 4088 938.
823 4033 899 4100 1312,
919 4031 996 4087 ulios.

460 4122 489 4192 6)
508 4119 577 4177 cod.
596 4119 739 4174 absentem.
892 4167 895 4171 ,
1072 4120 1100 4188 4)
1118 4119 1165 4174 Sia
1179 4133 1275 4175 omues
1294 4115 1414 4172 eodioea.

457 4212 484 4277 5)
502 4208 551 4280 <ud
569 4209 621 4279 me>
639 4208 741 4264 adiecit
759 4209 930 4264 Fleckeisen.
996 4211 1026 4278 6)
1045 4207 1112 4263 (lod.
1130 4204 1246 4272 ordines,
1268 4204 1393 4259 corruit
1410 4204 1542 4276 Scaliger.

367 4329 368 4332 =
419 4315 421 4318 ·
454 4299 482 4366 Ι7)
502 4298 663 4367 Sohnaider,
683 4298 701 4353 l.
722 4317 744 4353 o.
764 4300 834 4366 913.
1073 4297 1101 4365 8)
1119 4293 1282 4362 schneider,
1301 4293 1319 4348 l.
1339 4293 1453 4362 esus.

455 4390 482 4454 9)
502 4387 519 4441 l.
539 4403 562 4441 o.
581 4387 651 4454 96,5.
818 4388 861 4454 10)
881 4387 898 4441 l.
918 4402 942 4440 o.
962 4387 1005 4451 24.
1190 4383 1233 4452 11)
1251 4383 1270 4438 l.
1290 4399 1314 4436 e.
1332 4381 1393 4436 1³1.

459 4476 502 4546 12)
521 4476 538 4530 l.
559 4494 583 4530 o.
602 4477 671 4541 dib.
1137 4474 1181 4543 16)
1198 4472 1216 4527 l.
1236 4490 1260 4528 o·
1278 4470 1341 4538 9l‚b
