3267 5184
307 329 351 399 46
733 335 889 418 Georgius
910 329 1068 420 Wedding

309 523 331 586 d
354 529 386 588 et
407 528 527 590 veteres
554 543 621 589 esse
651 521 817 590 ablativos.
868 523 948 588 Cnm
970 529 1080 588 antem
1101 529 1175 607 post
1196 521 1324 605 longam
1345 523 1485 588 vocalem

312 627 334 690 ol
357 627 463 693 littera
484 625 590 692 finalis
612 626 740 692 saeculo
761 633 851 692 sexto
874 647 903 692 a.
921 647 952 692 n.
968 648 994 691 c.
1017 628 1157 692 tenuiter
1178 626 1355 704 audiretur,
1378 627 1486 693 adrer-

309 730 434 796 biorum
458 751 585 814 quoqne
611 751 797 797 evanescere
826 730 940 814 coepit.
984 729 1093 812 Neque
1121 731 1207 796 enim
1235 730 1391 814 exemplis
1412 736 1486 814 pro*

312 833 389 899 bare
404 855 570 917 possumus
587 832 737 899 Plautum
760 833 809 899 his
831 831 941 898 formis
962 834 995 899 in
1019 833 1072 897 -ed
1095 853 1186 899 nsum
1207 854 1282 913 esse,
1306 833 1488 916 frequenter

312 943 418 1004 autern
441 937 487 1002 eis
509 939 541 1001 in
564 945 614 1000 -c2

354 1040 444 1106 Gurc.
466 1041 525 1104 44:
555 1039 675 1123 Nempe
696 1039 772 1106 huic
795 1039 900 1105 lenoni
922 1042 977 1124 qni
999 1039 1052 1105 hic
1074 1041 1224 1107 habitet?
1240 1049 1251 1116 lt
1267 1040 1365 1106 Reate
1392 1046 1488 1105 tenes.

357 1142 448 1208 (lure.
471 1142 550 1208 375:
574 1142 691 1208 Verum
714 1141 820 1208 hercle
841 1143 916 1209 uero
938 1145 1011 1209 crim
1034 1143 1116 1209 belle
1138 1144 1289 1228 recogito,

309 1246 480 1331 permultis
502 1245 573 1312 aliis
594 1245 682 1311 locis.

397 1348 514 1415 Verum
537 1349 600 1414 dno
623 1348 789 1426 adverbia,
818 1349 892 1413 boae
914 1356 947 1414 et
966 1350 1056 1431 oncle,
1085 1350 1150 1415 iarn
1178 1349 1264 1434 apud
1286 1349 1435 1415 Plautum
1457 1357 1490 1414 et

311 1452 450 1518 Ennium
472 1451 591 1517 cadunt
619 1454 650 1516 in
683 1451 840 1537 syllabam
862 1452 1007 1531 brevem,
1038 1473 1234 1536 quamquam
1257 1475 1295 1518 ex
1317 1453 1372 1518 illo
1393 1460 1490 1537 poeta

312 1563 434 1622 certum
457 1554 636 1640 exemplum
664 1553 771 1620 afferri
799 1575 863 1620 non
893 1563 1008 1640 potest,
1039 1557 1130 1639 qnia,
1162 1556 1352 1640 ubicumque
1382 1578 1489 1622 occur·

311 1664 396 1736 runt,
418 1658 499 1724 ictus
522 1666 570 1722 eet
602 1661 632 1721 in
661 1658 859 1740 paenultima
887 1658 999 1723 horum
1023 1657 1249 1724 adverbiorum
1276 1659 1325 1724 vel
1347 1661 1490 1742 seqnitur

312 1761 458 1828 nltimam
492 1759 587 1845 (bana
619 1761 710 1843 mdia
741 1760 805 1825 vel:
838 1761 949 1843 biuda,
979 1763 1120 1847 νηᾶὶέα.»
1154 1761 1209 1828 sed
1242 1765 1273 1826 in
1307 1762 1490 1828 Annalibus

315 1865 409 1930 Ennii
431 1863 575 1930 nonnulli
607 1870 736 1930 exstant
757 1883 874 1942 versus,
902 1885 941 1929 ex
978 1867 1093 1947 quibus
1115 1865 1199 1931 hanc
1222 1865 1319 1931 ciliis
1341 1867 1490 1950 tempori-

312 1968 372 2034 bus
395 1975 574 2052 correptam
597 1967 693 2032 foisee
715 1969 792 2032 satis
813 1975 958 2051 apparet,
980 1969 1079 2033 velut:

359 2072 435 2136 105:
458 2071 575 2154 Accipe
599 2072 706 2154 daque
727 2069 821 2135 fidem
845 2070 1020 2154 foedusque
1043 2072 1101 2136 feri
1125 2072 1205 2136 bene
1228 2070 1363 2138 firmum.

359 2174 434 2239 1072
457 2174 497 2240 Se
520 2173 718 2252 fortunatior,
741 2174 875 2239 feliciter
897 2195 935 2240 ac
959 2175 1038 2240 bene
1060 2181 1174 2240 vortat.

400 2276 518 2343 Tamen
542 2285 607 2341 tres
630 2276 823 2342 adhibentur
846 2297 953 2342 versus
973 2277 1122 2355 Plautini,
1145 2279 1179 2342 in
1200 2278 1318 2360 quibus
1338 2300 1354 2342 c
1376 2278 1490 2355 littera,

317 2381 355 2445 de
379 2402 444 2463 qua
465 2380 609 2458 dicimus,
632 2379 789 2464 producta
810 2380 935 2445 videtur
957 2401 1040 2447 esse:

360 2485 446 2550 Asin.
471 2485 545 2551 137:
571 2483 659 2562 Quae
682 2483 757 2548 dedi
779 2490 811 2548 et
833 2483 919 2566 qndd
943 2485 1022 2550 bene
1044 2485 1115 2562 ieci,
1137 2490 1172 2552 at
1192 2484 1325 2568 posthac
1345 2485 1404 2550 tibi
1420 2488 1454 2568 1).

360 2587 450 2672 Epid.
472 2586 552 2652 378:
579 2585 680 2651 Nimis
709 2586 822 2652 doctus
860 2587 914 2652 ille
940 2588 1018 2673 (est)
1039 2588 1078 2653 td
1099 2588 1183 2654 male
1205 2587 1395 2654 iaciendum.
1412 2587 1490 2664 ulie

1227 2690 1373 2773 equidem
1395 2690 1491 2754 certo.

358 2791 440 2858 aad.
473 2792 568 2857 1316:
600 2791 663 2877 Dil
689 2792 833 2856 hdmines
862 2791 1050 2876 respicitint:
1085 2793 1167 2858 bene
1194 2813 1252 2876 ego
1293 2793 1369 2859 hinc
1399 2813 1492 2877 prae·

1324 2897 1416 2962 datus
1429 2896 1491 2972 ibo,

317 2999 376 3078 Qui
399 3005 464 3064 tres
493 3021 601 3065 versus
623 3007 730 3065 tamen
753 3000 834 3065 nihil
866 3000 988 3077 valent,
1022 3001 1098 3082 qnia
1127 3000 1236 3064 littera
1268 3021 1283 3063 c
1311 3021 1382 3065 eum
1406 3004 1493 3064 tenet

316 3103 431 3180 locum,
455 3102 509 3167 ubi
531 3103 710 3169 admittitur
733 3103 859 3188 syllaba
880 3125 998 3187 anceps
1011 3108 1042 3185 ²).

402 3207 471 3272 Iam
493 3209 617 3271 exsistit
642 3194 800 3288 quaestio,
830 3208 884 3290 qui
907 3207 1027 3272 factum
1050 3208 1105 3285 sit,
1135 3214 1173 3272 ut
1201 3204 1344 3272 efinalis
1365 3208 1398 3270 in
1420 3206 1493 3269 deae

317 3317 350 3376 et
373 3310 454 3374 mole
476 3314 701 3393 corriperetur,
725 3330 796 3375 cum
819 3311 853 3374 in
875 3312 988 3375 ceteris
1010 3309 1177 3389 adverbiis,
1209 3331 1343 3393 quorum
1365 3308 1493 3392 paenul-

319 3415 400 3478 tima
422 3419 455 3478 et
477 3412 589 3478 ultima
604 3411 747 3478 efficiunt
763 3412 914 3490 iambum,
938 3415 996 3478 etei
1013 3434 1120 3478 eornm
1143 3413 1267 3497 syllaba
1280 3411 1385 3478 finalis
1405 3410 1493 3476 iden·

316 3516 418 3582 tidem
440 3516 526 3600 apud
542 3515 689 3582 Plautum
713 3517 742 3586 vi
758 3515 836 3600 legis
857 3515 1035 3582 iamborum
1059 3517 1266 3601 correptionis
1289 3516 1493 3596 breviaturil,

551 3625 635 3632 --...—

408 3674 432 3744 1)
452 3673 576 3729 Creticus
596 3678 761 3728 tetrameter
780 3677 852 3728 acet.

330 3796 332 3801 ·
408 3762 438 3832 2)
457 3762 499 3818 De
519 3779 601 3816 verso
620 3763 696 3816 Asin.
719 3764 768 3816 137
788 3763 852 3816 vide
869 3778 956 3831 supra
974 3778 1040 3831 pag.
1059 3763 1102 3815 24.

406 3853 432 3920 3)
452 3851 535 3906 Velut
553 3856 679 3904 muana?
693 3850 752 3906 Mil.
774 3854 856 3906 1024:

318 3940 380 4008 Age
398 3956 450 4008 age
475 3939 506 3993 rit
525 3939 578 3993 tibi
597 3939 724 3993 maxume
748 3938 953 3994 concinnimst.
966 3942 978 4005 ΙΙ
994 3937 1136 3992 Nullrimst
1159 3937 1213 3990 hoc
1238 3935 1366 3990 stolidius
1390 3933 1492 3988 aarum.

314 4034 449 4098 prospere*
462 4027 563 4082 Pseud.
582 4030 648 4081 574:

317 4116 374 4171 Pro
393 4115 530 4185 Irippiter,
550 4117 581 4170 rit
599 4117 676 4184 mihi,
695 4115 831 4185 quidquid
849 4114 912 4185 agd,
933 4114 1026 4182 lepide
1045 4113 1336 4182 omniaprospersque
1356 4111 1493 4166 eveniant.

338 4204 414 4259 rubi:
1442 4246 1444 4248 ,

315 4223 394 4349 i’era
416 4296 480 4348 173:
506 4294 572 4349 Ovis
596 4294 661 4349 siin
680 4294 776 4348 ludum
795 4293 859 4361 iret,
888 4292 1028 4362 potuisset
1052 4291 1108 4344 iam
1135 4289 1198 4344 lieri
1224 4297 1256 4344 ut
1280 4289 1369 4359 probi
1387 4287 1495 4342 litteras

1402 4378 1494 4431 sciret.

320 4467 395 4531 Pers.
408 4472 474 4525 756:
494 4469 551 4524 Eas
569 4469 649 4526 vobis
662 4469 754 4540 babeo
768 4469 862 4538 grates
881 4469 966 4537 itque
981 4486 1042 4539 ago,
1061 4469 1126 4537 quia
1138 4468 1226 4537 probe
1244 4484 1305 4522 surn
1317 4467 1393 4520 riltas
1404 4481 1495 4519 meum

1344 4571 1494 4610 immicum.
