3267 5184
994 24 1299 207 arriva'asvrr)

1025 204 1270 292 &sasenates

195 323 240 390 De
262 323 423 393 vocalibus
446 325 608 410 productis
632 326 764 391 Latinas
786 347 878 391 voces
899 325 1153 403 terminantibus.
1218 327 1258 390 27

84 515 209 580 scilicet
229 520 356 598 praeter
377 513 410 579 id
433 514 518 597 quod
539 515 717 599 imperativi
733 513 854 582 formae
873 535 888 577 s
910 513 1017 579 littera
1030 518 1142 579 carent
1155 512 1260 579 finali:

11 666 16 705 ÷
84 618 254 682 laada-s:
284 617 401 697 louda;
431 617 539 683 dele-s
562 644 570 682 ε
592 617 676 698 dela·
709 619 805 704 lapi-s
828 644 837 683 ε
858 619 976 703 apa1);
1011 616 1118 682 audes
1141 642 1149 680 ε
1170 617 1258 682 uude.

84 721 179 799 Quod
202 742 272 787 cum
301 723 348 787 ita
375 723 425 799 sit,
453 743 473 786 a
498 722 676 806 imperativi
698 743 797 805 usque
823 742 951 805 quaque
978 720 1166 804 productam
1193 741 1261 786 esse

4 879 7 914 :
84 831 318 908 exspectamus.
363 825 472 908 Neque
486 833 592 891 tamen
609 826 720 910 paucis
735 825 854 891 accidit
875 824 962 900 loeis,
986 831 1022 889 ut
1036 823 1116 890 haec
1134 823 1264 909 syllaba.

4 975 21 1020 n
84 929 190 993 brevis
216 929 362 995 videatur
390 949 474 1007 esse,
507 929 561 994 sed
589 929 734 1012 exempla
760 929 829 1012 ipsa
857 928 951 994 facile
964 948 1036 994 ‘nos
1059 926 1178 994 donent
1198 927 1261 994 hoc

82 1031 207 1098 factum
227 1052 296 1096 esse
317 1053 356 1098 ex
378 1053 417 1098 ea
437 1032 505 1116 legs
526 1033 666 1110 metrica
690 1053 729 1098 cx
751 1053 831 1114 qna,
860 1032 887 1098 si
913 1031 1001 1097 verbi
1028 1029 1156 1097 iambici
1179 1030 1261 1096 ictus

83 1143 136 1199 est
157 1135 189 1198 in
212 1134 408 1218 paenultima
438 1135 488 1200 vel
515 1137 660 1218 sequntur
685 1135 892 1218 productam,
922 1135 1000 1199 haec
1028 1135 1201 1217 corripitur
1215 1138 1261 1218 ²):

84 1238 165 1302 satis
187 1238 248 1302 erit
270 1259 365 1302 unum
388 1238 567 1321 exemplum
590 1237 705 1303 afferre
726 1239 864 1322 itemque
886 1236 1038 1302 alterum:

83 1340 177 1406 Cure.
200 1341 254 1406 38:
277 1340 444 1406 iuventute
466 1348 499 1406 et
520 1343 627 1425 prieris
648 1341 766 1418 liberis,
790 1349 863 1405 ama.
885 1340 963 1423 quid
987 1339 1084 1406 lubet.

3 1502 16 1540 p,
85 1444 177 1509 Cure.
206 1445 283 1510 708:
318 1444 452 1523 Quando
485 1447 533 1510 vir
562 1445 692 1522 bourie,
726 1443 882 1528 responde
911 1443 994 1528 quod
1029 1443 1114 1527 rogo.
1138 1450 1148 1520 Ι
1172 1443 1261 1526 Roga

2 1558 4 1561 ’
1057 1547 1141 1630 qnod
1163 1547 1261 1612 lubet.

9 1792 15 1852 i
83 1757 114 1818 6.
138 1754 287 1838 Anticlea,
304 1762 398 1820 antea
412 1757 446 1841 ⁸),
463 1755 617 1839 postidea,
639 1763 755 1840 postea,
772 1754 913 1840 pontida
934 1755 1065 1837 intereo,
1085 1757 1262 1837 munimen,

14 1848 15 1851 ¹
450 1865 614 1942 eapropter
628 1863 665 1941 ⁴),
689 1865 901 1944 quapropter.

173 2017 192 2059 a
221 1997 362 2062 litteram
387 1998 499 2064 horum
520 1998 741 2063 adverbiorum
768 1996 954 2081 productam
986 2017 1053 2061 esse
1080 2017 1120 2060 ex
1140 1995 1190 2060 his
1212 1995 1263 2060 in-

85 2097 266 2180 tellegimus
288 2100 429 2164 versibus
453 2099 626 2166 Plautinis:

76 2199 241 2286 postidea:

3 2357 15 2397 ff
86 2303 193 2369 Aulul.
219 2305 294 2370 118:
321 2305 413 2371 Nune
436 2308 500 2390 qud
522 2306 686 2390 profectus
708 2295 779 2372 sdm
801 2309 870 2374 ibo:
892 2306 1037 2391 postidea
1059 2307 1197 2371 domum.

10 2479 14 2489 ,
86 2406 166 2472 Cist.
191 2405 267 2472 784:
305 2408 365 2472 Vbi
400 2409 431 2474 id
466 2412 529 2474 erit
559 2410 696 2488 factum,
732 2410 920 2477 ornamenta
952 2411 1085 2494 pdnent:
1117 2408 1262 2492 postidea

2 2575 12 2613 ,Α
1146 2512 1207 2578 1οοὶ
1222 2515 1260 2596 ⁵),

3 2675 12 2692 γ,
84 2614 224 2696 itemque
257 2635 380 2699 semper
413 2617 532 2682 cadunt
565 2619 598 2681 in
626 2639 646 2682 o
679 2618 868 2702 productam
897 2623 1002 2702 posteo
1016 2621 1054 2700 ⁰),
1080 2617 1209 2702 postilla
1223 2618 1260 2700 ἵ),

3 2777 9 2803 .·
87 2716 209 2782 interea
223 2716 258 2803 ⁸),
277 2727 429 2802 praetera
446 2723 481 2804 ⁹),
499 2727 670 2808 propterea
685 2722 737 2805 1⁰),
761 2727 968 2808 qua-propter
982 2724 1034 2806 11).

2 2808 11 2925 J
173 2820 294 2899 Quibus
326 2823 359 2886 in
389 2823 548 2889 adverbiis
578 2824 689 2890 haeret
722 2825 951 2904 controversia,
986 2831 1092 2889 utrum
1127 2835 1180 2886 -eu
1214 2823 1264 2906 (et

85 2924 177 3008 quc)
200 2923 358 2990 ablativus
379 2948 424 3009 sg.
448 2927 489 2992 sit
510 2929 632 3011 primae
648 2927 869 2993 declinationis
892 2950 934 2994 an
957 2927 1156 2992 accusativus
1178 2925 1260 3008 plnr.

3 3093 7 3122 ᾗ
86 3028 230 3093 neutrius
263 3030 393 3110 generis.
451 3030 521 3096 Hoc
550 3031 713 3096 contendit
743 3032 889 3114 inprimis
921 3031 1055 3096 Oorssen
1071 3032 1120 3111 1’),
1156 3031 1212 3113 qni
1242 3049 1263 3092 a

2 3127 7 3208 J
85 3128 273 3210 productam
295 3134 467 3197 accusativi
489 3132 572 3216 plur.
588 3136 741 3199 reatuin
765 3134 814 3198 bis
835 3131 993 3198 adverbiis
1015 3139 1173 3198 servatam
1194 3154 1263 3197 esse

5 3226 8 3323 ζ
86 3237 216 3297 coactus
239 3239 288 3298 est
309 3235 445 3318 opinari:
474 3235 543 3300 fieri
571 3258 635 3302 non
665 3237 818 3320 potuisse,
850 3244 887 3302 nt
913 3236 988 3302 olim
1010 3235 1261 3319 praepositiones

176 3408 204 3476 1)
222 3407 279 3480 lopo*
292 3427 345 3479 pro
364 3409 448 3482 *loqu
472 3413 537 3481 quia
555 3413 568 3465 i
584 3413 676 3468 brevis
696 3413 788 3468 finalis
807 3413 837 3467 in
861 3413 956 3483 lingna
976 3411 1077 3466 Latina
1094 3428 1151 3465 non
1170 3427 1261 3466 serva·

85 3501 132 3550 tur
151 3496 200 3551 sed
220 3502 344 3553 mutatur
362 3501 391 3553 in
410 3507 447 3566 -ὄς
465 3500 500 3554 cf.
520 3501 655 3556 nominat.
674 3508 752 3555 mart
766 3519 819 3571 pro
839 3502 939 3554 *mart

175 3588 202 3652 2)
222 3585 263 3640 cf.
282 3604 346 3657 pag.
366 3590 391 3654 6,
412 3589 508 3643 adnot.
528 3591 563 3657 6).

175 3673 202 3744 3)
220 3674 369 3730 Adverbiis
393 3676 502 3730 antidea
522 3683 550 3732 et
569 3683 646 3732 ardea
664 3679 780 3734 Plautus
805 3695 862 3734 non
883 3679 985 3746 utitur,
1012 3676 1061 3731 sed
1080 3692 1131 3746 pro
1151 3675 1195 3730 his
1213 3673 1262 3728 ad·

84 3763 184 3819 verbio
203 3767 273 3818 aab.

175 3855 202 3920 4)
222 3851 263 3906 Cf.
282 3851 394 3907 Lucret.
413 3854 451 3907 tv
469 3857 521 3908 367
539 3854 691 3925 (Lachm.):

303 3941 428 3996 Dextera
447 3947 600 4012 eapropter
619 3944 699 3998 nobis
719 3943 868 3998 simulacra
886 3943 1043 3997 remittunt.

175 4029 201 4096 6)
220 4029 307 4083 Stich.
326 4033 369 4085 97.
388 4033 449 4085 768.
658 4035 685 4102 6)
704 4031 787 4086 Most.
809 4032 868 4085 136.
905 4031 988 4086 Poen.
1008 4033 1066 4084 147.

176 4119 203 4185 7)
222 4117 304 4172 poen.
324 4121 384 4174 aar.
403 4122 464 4175 rao.

176 4205 204 4274 8)
222 4207 300 4262 Asin.
320 4210 380 4262 430.
417 4208 492 4263 Men.
511 4211 572 4263 446.
609 4207 667 4263 Mil.
686 4212 747 4263 810.
783 4208 859 4263 Pers.
880 4209 938 4260 172.
972 4207 1069 4261 Pseud.
1090 4210 1150 4262 266.
1187 4206 1261 4261 Rnd.

84 4300 147 4354 226.
182 4295 269 4350 Stich.
288 4298 330 4349 31.
367 4297 448 4351 Truc.
468 4300 511 4352 32.
636 4299 662 4366 9)
683 4298 774 4352 Aulul.
793 4299 854 4353 667.
892 4296 977 4351 Mero.
994 4298 1039 4350 88.

160 4383 204 4453 10)
222 4383 280 4437 Mil.
302 4387 378 4439 1267.

158 4474 203 4540 11)
222 4472 306 4542 apid.
325 4475 368 4528 42.
405 4472 478 4528 Men.
499 4476 558 4528 714.
595 4474 677 4529 Most.
697 4477 758 4533 273.
777 4476 839 4535 825.
869 4474 953 4532 Poen.
973 4475 1049 4534 1336.
1085 4473 1161 4534 Tria.
1180 4475 1224 4531 80.

158 4563 203 4632 12)
222 4561 400 4634 Aassprache
417 4563 444 4620 11
463 4564 515 4620 466
528 4580 590 4632 sqq.
