3267 5184
215 319 262 384 De
286 319 447 384 vocalibus
469 319 631 403 productis
653 319 786 384 Latinus
808 337 899 380 voces
921 314 1175 381 terminantibus.
1263 316 1280 378 7

146 507 236 572 Α111.
259 507 337 572 828:
363 507 428 589 Age
449 505 678 574 decumbemus
699 507 752 585 sis,
775 502 969 589 1111111111
990 503 1119 570 irissenis
1133 506 1165 584 ¹).

145 610 240 695 Epio.
264 611 344 676 485:
367 611 451 677 Reor
472 608 506 675 et
528 611 692 693 peeoe'rtnrn
714 608 855 693 ltrgitt'tr.
870 615 885 686 1
898 606 1001 675 Immo
1023 605 1104 672 hoec
1123 605 1204 694 *eost

146 713 244 781 Mero.
265 714 344 779 901:
376 713 435 780 Die
461 713 575 798 igitir,
607 713 662 780 ubi
692 713 749 779 ille
775 711 937 789 1111111
964 710 1083 775 nostris
1110 709 1252 776 eedibtls.
1273 709 1282 796 11

1034 811 1132 878 Aedis
1153 813 1281 898 probas.

147 921 233 987 Pers.
253 920 332 986 482:
365 919 449 997 Quid
481 920 574 1004 agis?
594 927 608 998 11
629 917 768 996 Credet
789 916 880 983 Vnde
910 919 980 1000 egis
1009 921 1055 995 te,
1089 915 1251 995 Dordelt't?
1273 917 1282 1003 11

1051 1017 1153 1084 Crede
1175 1018 1235 1085 tibi
1247 1020 1281 1107 ²).

146 1127 240 1192 Poen.
264 1125 341 1192 722:
364 1125 446 1204 Quid
469 1129 494 1194 si
516 1126 639 1192 inimus
662 1125 730 1192 esse
752 1125 816 1189 ndu
838 1122 936 1190 sinit?
950 1129 966 1198 1
981 1120 1058 1186 Esto
1079 1123 1117 1186 rit
1137 1121 1223 1186 sinit.

146 1229 228 1294 Rud.
242 1229 321 1295 975:
343 1228 433 1294 Mire
448 1228 576 1312 quidem
591 1230 757 1294 commrine
771 1225 891 1292 certost
913 1226 1068 1293 dmnibits.
1084 1235 1099 1304 11
1115 1224 1280 1292 Adsentio.

147 1333 233 1400 Trin.
264 1334 363 1399 1185:
403 1331 531 1399 Miseria
557 1333 651 1417 (rinc)
678 1333 734 1398 uni
767 1330 894 1414 quidem
923 1330 1075 1397 hominist
1104 1329 1250 1397 emaum.
1271 1327 1281 1415 11

205 1453 207 1460 ·
868 1433 969 1499 lmmo
991 1432 1065 1499 hoie
1085 1440 1233 1518 purnmst
1247 1434 1281 1515 ³).

190 1557 239 1620 An
260 1577 299 1620 ex
322 1555 372 1620 his
394 1554 525 1639 colliges
546 1555 687 1620 versibus
710 1554 864 1640 syllobsm
879 1552 1007 1620 finalem
1030 1551 1282 1622 dativi-ablativi

100 1660 187 1744 plur.
208 1660 275 1724 dus
296 1659 448 1742 (oedibus,
470 1658 626 1744 omnibus)
655 1657 730 1724 olim
757 1658 790 1722 iu
817 1656 926 1741 lingue
948 1657 1066 1723 Latine
1087 1656 1184 1723 luisse
1205 1678 1281 1740 pro·

101 1764 257 1829 ductum?
279 1784 331 1839 sn,
355 1763 432 1845 quie
452 1762 584 1846 legimus
600 1761 753 1845 Dordolc,
776 1761 851 1826 olim
866 1761 1045 1828 vocativum
1061 1781 1107 1844 og.
1122 1781 1184 1829 see.
1201 1760 1280 1826 decl

101 1868 233 1932 missum
262 1886 329 1932 esse
350 1865 410 1930 tibi
436 1865 640 1948 persuddebis
669 1865 703 1929 in
727 1864 913 1947 elongem?
957 1863 1000 1928 At
1026 1883 1129 1946 neque
1154 1863 1281 1949 syllaba

101 1969 207 2036 finalis
236 1969 313 2033 -bus
343 1989 445 2051 neque
475 1990 491 2034 e
522 1969 657 2034 vocativi
689 1965 753 2034 ullo
782 1971 925 2052 tempore
954 1966 1016 2032 fuit
1042 1967 1216 2051 producte,
1247 1965 1281 2032 id

101 2072 198 2154 quod,
213 2093 284 2137 cum
299 2070 512 2156 respondeant
526 2071 666 2137 formae:
682 2071 748 2137 Sor.
759 2065 958 2153 moti-bbyae
973 2094 982 2134 z
998 2068 1080 2135 Gnll.
1095 2074 1253 2154 ματρε-βο
1272 2094 1280 2134 :

101 2175 172 2239 Lut
199 2173 363 2240 rrrutribus
392 2180 424 2240 et
452 2178 554 2260 aqud:
584 2173 688 2252 ἳππε,
723 2173 850 2258 linguae
879 2193 937 2237 nos
970 2171 1086 2238 docent
1117 2178 1280 2256 cognatae.

102 2277 255 2354 Maxim03
278 2277 333 2343 sed
356 2276 481 2360 quade
504 2297 603 2343 ceusu
628 2276 785 2362 syllabam
809 2277 877 2341 sine
905 2274 972 2340 ulla
994 2275 1190 2343 dubitatione
1212 2275 1280 2341 bre·

101 2401 173 2446 vem
194 2402 231 2445 eo
253 2380 324 2446 loeo
347 2379 474 2463 longam
497 2385 656 2447 servatum
678 2400 747 2445 esse
768 2377 1005 2454 arbitrabimur,
1028 2399 1049 2442 n
1071 2399 1135 2460 quo
1157 2377 1281 2464 syllaba

101 2505 220 2568 auceps
242 2504 305 2549 non
328 2489 377 2548 est
397 2482 524 2548 aliena?

188 2588 309 2666 Restat,
333 2593 369 2652 ut
383 2586 480 2652 verbu
495 2584 610 2652 leolam
635 2584 674 2650 de
688 2584 793 2650 tribus
816 2583 960 2650 versibus
982 2583 1073 2668 Epid.
1089 2585 1160 2650 498.
1183 2584 1279 2650 Poen.

102 2693 154 2756 85.
179 2691 271 2768 1052,
293 2691 327 2755 in
349 2688 464 2772 quibus
485 2688 550 2754 trie
571 2688 725 2754 vocabula
746 2689 797 2755 vel
820 2696 885 2754 tres
906 2687 1045 2766 formae,
1077 2708 1160 2770 qnae
1182 2709 1281 2754 auree

104 2793 287 2858 Latinitatis
308 2799 416 2858 aetate
438 2797 513 2858 sunt
533 2790 701 2876 dactylico,
726 2792 863 2857 cretione
885 2791 1031 2856 videntur
1054 2810 1137 2855 esse:

190 2914 313 2981 Potuit:
335 2914 406 2998 plus
428 2914 491 2979 iem
515 2933 585 2978 sum
606 2911 709 2978 libero
729 2910 991 2995 quinquennium.

189 3016 299 3084 Altera
320 3015 543 3101 quinquennis,
565 3016 670 3081 tltern
692 3015 904 3097 quadrimum

189 3121 275 3186 Haec
298 3119 375 3186 mihi
396 3119 564 3203 bospitdlis
586 3119 708 3184 tessere
730 3140 801 3184 cnm
824 3117 880 3183 illd
902 3117 969 3183 luit

102 3243 209 3310 Facile
240 3248 370 3328 superet
399 3240 623 3307 difficultatem
643 3239 725 3319 Len,
759 3242 815 3323 qui
844 3240 992 3306 Plautum
1020 3240 1186 3326 dactylicis
1219 3261 1278 3326 pro

102 3347 229 3414 creticis
257 3367 349 3411 usum
377 3365 445 3411 esse
470 3345 580 3410 formis
608 3342 782 3410 identidem
804 3343 968 3410 contendit
983 3347 1016 3425 ⁴).
1059 3344 1168 3426 Neque
1190 3344 1278 3427 quis·

102 3471 196 3534 quam
211 3449 341 3533 negabit
356 3448 518 3514 nonnullis
540 3448 618 3513 locis
639 3447 689 3512 vel
711 3446 923 3513 diverbiorum
942 3446 1118 3532 dactylicus
1139 3446 1277 3512 traditas

102 3552 317 3633 semiermes,
341 3552 395 3618 ubi
418 3553 553 3618 creticus
575 3555 745 3616 metrorum
768 3550 911 3634 postulet
930 3552 1016 3617 ratio
1040 3550 1143 3616 velut:

146 3673 235 3758 Oept.
262 3677 315 3740 11:
338 3672 442 3756 Neget
463 3672 569 3738 hercle
590 3671 645 3738 ille
664 3674 669 3755 1
689 3672 829 3738 dltimtts.
856 3671 1008 3739 secedite.

145 3778 236 3845 Cure.
258 3777 339 3842 438:
362 3776 443 3854 Quin
465 3776 716 3858 nudiusquartus
737 3774 881 3841 venimtls
901 3776 934 3840 iu
957 3775 1094 3841 Gtrism.

144 3880 225 3946 Meu.
248 3881 324 3946 327:
349 3879 445 3945 Proin
467 3881 503 3944 tri
525 3900 565 3945 ne
587 3897 650 3962 qno
672 3877 770 3944 libeas
791 3876 919 3962 longitls
941 3877 983 3944 nb
1005 3877 1147 3944 tedibus.

145 3983 225 4049 Meu.
248 3983 330 4048 506:
352 3982 472 4049 Sanum
493 3979 553 4061 dst,
573 3980 769 4060 adulescens,
793 3981 943 4066 sincipttt,
964 3979 1128 4064 intellego.

191 4199 218 4262 1)
240 4195 333 4250 Weise
351 4195 452 4250 tribuit
471 4193 546 4249 hune
564 4211 674 4249 versum
693 4192 776 4250 elteri
794 4194 907 4250 fabulae
925 4193 1090 4249 recensioni.

189 4285 217 4354 21
235 4284 336 4340 Hiatus
352 4285 427 4338 inter
445 4281 526 4336 eredo
545 4287 574 4338 et
591 4281 678 4338 undet

191 4375 217 4440 31
236 4371 370 4440 adfatw
390 4372 498 4441 syllaba
516 4371 610 4426 brevis
629 4375 658 4426 ot
676 4371 781 4427 hictus.

187 4463 214 4530 4)
232 4461 316 4518 Velut
335 4461 371 4516 ed
389 4460 463 4518 Men.
483 4463 551 4516 762:
567 4459 636 4531 filia
657 4461 829 4520 creticusut
846 4459 902 4516 ulie
920 4460 1059 4533 dactylico
1078 4459 1106 4516 in
1124 4459 1178 4517 hnc
1197 4474 1276 4532 pree·

103 4551 200 4610 sertim
218 4550 322 4608 fabule.
